% This file was created with JabRef 2.10.
% Encoding: ISO8859_1


@Article{altay11,
  Title                    = {{Through Thick and Thin: H I Absorption in Cosmological Simulations}},
  Author                   = {{Altay}, G. and {Theuns}, T. and {Schaye}, J. and {Crighton}, N.~H.~M. and {Dalla Vecchia}, C.},
  Journal                  = {\apjl},
  Year                     = {2011},

  Month                    = aug,
  Pages                    = {L37},
  Volume                   = {737},

  Adsnote                  = {Provided by the SAO/NASA Astrophysics Data System},
  Adsurl                   = {http://adsabs.harvard.edu/abs/2011ApJ...737L..37A},
  Archiveprefix            = {arXiv},
  Bdsk-url-1               = {http://dx.doi.org/10.1088/2041-8205/737/2/L37},
  Date-added               = {2013-04-21 14:39:37 +0000},
  Date-modified            = {2013-04-21 14:39:41 +0000},
  Doi                      = {10.1088/2041-8205/737/2/L37},
  Eid                      = {L37},
  Eprint                   = {1012.4014},
  Keywords                 = {galaxies: formation, intergalactic medium, large-scale structure of universe, methods: numerical, quasars: absorption lines},
  Owner                    = {xavier},
  Primaryclass             = {astro-ph.CO},
  Timestamp                = {2017.09.04}
}

@Article{bahcall67,
  Title                    = {{Phenomenological Limits on the Absorbing Regions of Quasi-Stellar Sources}},
  Author                   = {{Bahcall}, J.~N.},
  Journal                  = {\apjl},
  Year                     = {1967},

  Month                    = jul,
  Pages                    = {L7},
  Volume                   = {149},

  Adsnote                  = {Provided by the SAO/NASA Astrophysics Data System},
  Adsurl                   = {http://adsabs.harvard.edu/abs/1967ApJ...149L...7B},
  Doi                      = {10.1086/180041},
  Owner                    = {xavier},
  Timestamp                = {2017.09.04}
}

@Article{bp69,
  Title                    = {{Statistical Tests for the Origin of Absorption Lines Observed in Quasi-Stellar Sources}},
  Author                   = {{Bahcall}, J.~N. and {Peebles}, P.~J.~E.},
  Journal                  = {\apjl},
  Year                     = {1969},

  Month                    = apr,
  Pages                    = {L7+},
  Volume                   = {156},

  Adsnote                  = {Provided by the Smithsonian/NASA Astrophysics Data System},
  Adsurl                   = {http},
  Date-added               = {2007-06-30 17:41:28 -0700},
  Date-modified            = {2007-06-30 17:41:28 -0700},
  Keywords                 = {QAL},
  Owner                    = {xavier},
  Timestamp                = {2017.09.04}
}

@Article{bs66,
  Title                    = {{Absorption Lines in the Spectra of Distant Sources}},
  Author                   = {{Bahcall}, J.~N. and {Salpeter}, E.~E.},
  Journal                  = {\apj},
  Year                     = {1966},

  Month                    = may,
  Pages                    = {847},
  Volume                   = {144},

  Adsnote                  = {Provided by the SAO/NASA Astrophysics Data System},
  Adsurl                   = {http://adsabs.harvard.edu/abs/1966ApJ...144..847B},
  Doi                      = {10.1086/148675},
  Owner                    = {xavier},
  Timestamp                = {2017.09.04}
}

@Article{bs69,
  Title                    = {{Absorption Lines Produced by Galactic Halos}},
  Author                   = {{Bahcall}, J.~N. and {Spitzer}, L.~J.},
  Journal                  = {\apj},
  Year                     = {1969},

  Month                    = may,
  Pages                    = {L63},
  Volume                   = {156},

  Adsnote                  = {Provided by the NASA Astrophysics Data System},
  Bdsk-url-1               = {http},
  Date-added               = {2007-06-30 17:37:02 -0700},
  Date-modified            = {2011-03-01 08:18:51 -0800},
  Keywords                 = {grb},
  Owner                    = {xavier},
  Timestamp                = {2017.09.04},
  Url                      = {http}
}

@Article{bw68,
  Title                    = {{Fine-Structure Transitions}},
  Author                   = {{Bahcall}, J.~N. and {Wolf}, R.~A.},
  Journal                  = {\apj},
  Year                     = {1968},

  Month                    = jun,
  Pages                    = {701-+},
  Volume                   = {152},

  Adsnote                  = {Provided by the Smithsonian/NASA Astrophysics Data System},
  Adsurl                   = {http://adsabs.harvard.edu/cgi-bin/nph-bib_query?bibcode=1968ApJ...152..701B&db_key=AST},
  Date-added               = {2007-06-30 17:39:30 -0700},
  Date-modified            = {2007-06-30 17:39:30 -0700},
  Keywords                 = {ISM},
  Owner                    = {xavier},
  Timestamp                = {2017.09.04}
}

@Article{bdo88,
  Title                    = {{Quasar ionization of Lyman-alpha clouds - The proximity effect, a probe of the ultraviolet background at high redshift}},
  Author                   = {{Bajtlik}, S. and {Duncan}, R.~C. and {Ostriker}, J.~P.},
  Journal                  = {\apj},
  Year                     = {1988},

  Month                    = apr,
  Pages                    = {570-583},
  Volume                   = {327},

  Adsnote                  = {Provided by the Smithsonian/NASA Astrophysics Data System},
  Adsurl                   = {http://adsabs.harvard.edu/cgi-bin/nph-bib_query?bibcode=1988ApJ...327..570B&db_key=AST},
  Bdsk-url-1               = {http://dx.doi.org/10.1086/166217},
  Bdsk-url-2               = {http://dx.doi.org/10.1086/166217},
  Bdsk-url-3               = {http://dx.doi.org/10.1086/166217},
  Date-added               = {2007-06-30 17:41:28 -0700},
  Date-modified            = {2007-06-30 17:41:28 -0700},
  Doi                      = {10.1086/166217},
  Keywords                 = {QAL},
  Owner                    = {xavier},
  Timestamp                = {2017.09.04}
}

@Article{becker+13,
  Title                    = {{A refined measurement of the mean transmitted flux in the Ly{$\alpha$} forest over $2 < z < 5$ using composite quasar spectra}},
  Author                   = {{Becker}, G.~D. and {Hewett}, P.~C. and {Worseck}, G. and {Prochaska}, J.~X.},
  Journal                  = {\mnras},
  Year                     = {2013},

  Month                    = apr,
  Pages                    = {2067-2081},
  Volume                   = {430},

  Adsnote                  = {Provided by the SAO/NASA Astrophysics Data System},
  Adsurl                   = {http://adsabs.harvard.edu/abs/2013MNRAS.430.2067B},
  Archiveprefix            = {arXiv},
  Bdsk-url-1               = {http://dx.doi.org/10.1093/mnras/stt031},
  Date-added               = {2013-03-25 17:43:42 +0000},
  Date-modified            = {2013-07-25 23:22:25 +0000},
  Doi                      = {10.1093/mnras/stt031},
  Eprint                   = {1208.2584},
  Keywords                 = {intergalactic medium, quasars: absorption lines, cosmology: observations, large-scale structure of Universe},
  Owner                    = {xavier},
  Primaryclass             = {astro-ph.CO},
  Timestamp                = {2017.09.04}
}

@Article{bb91,
  Title                    = {{Properties of the galaxies giving rise to MgII quasar absorption systems}},
  Author                   = {{Bergeron}, J. and {Boisse}, P.},
  Journal                  = {Advances in Space Research},
  Year                     = {1991},
  Pages                    = {241-244},
  Volume                   = {11},

  Adsnote                  = {Provided by the Smithsonian/NASA Astrophysics Data System},
  Adsurl                   = {http://adsabs.harvard.edu/cgi-bin/nph-bib_query?bibcode=1991AdSpR..11..241B&db_key=AST},
  Bdsk-url-1               = {http://dx.doi.org/10.1016/0273-1177(91)90496-7},
  Bdsk-url-2               = {http://dx.doi.org/10.1016/0273-1177(91)90496-7},
  Bdsk-url-3               = {http://dx.doi.org/10.1016/0273-1177(91)90496-7},
  Date-added               = {2007-06-30 17:41:28 -0700},
  Date-modified            = {2007-06-30 17:41:28 -0700},
  Doi                      = {10.1016/0273-1177(91)90496-7},
  Keywords                 = {QAL},
  Owner                    = {xavier},
  Timestamp                = {2017.09.04}
}

@Article{boks78,
  Title                    = {{The absorption-line spectrum of Q 1246 - 057}},
  Author                   = {{Boksenberg}, A. and {Carswell}, R.~F. and {Smith}, M.~G. and {Whelan}, J.~A.~J.},
  Journal                  = {\mnras},
  Year                     = {1978},

  Month                    = sep,
  Pages                    = {773-782},
  Volume                   = {184},

  Adsnote                  = {Provided by the SAO/NASA Astrophysics Data System},
  Adsurl                   = {http://adsabs.harvard.edu/abs/1978MNRAS.184..773B},
  Doi                      = {10.1093/mnras/184.4.773},
  Owner                    = {xavier},
  Timestamp                = {2017.09.04}
}

@Article{braun12,
  Title                    = {{Cosmological Evolution of Atomic Gas and Implications for 21 cm H I Absorption}},
  Author                   = {{Braun}, R.},
  Journal                  = {\apj},
  Year                     = {2012},

  Month                    = apr,
  Pages                    = {87},
  Volume                   = {749},

  Adsnote                  = {Provided by the SAO/NASA Astrophysics Data System},
  Adsurl                   = {http://adsabs.harvard.edu/abs/2012ApJ...749...87B},
  Archiveprefix            = {arXiv},
  Doi                      = {10.1088/0004-637X/749/1/87},
  Eid                      = {87},
  Eprint                   = {1202.1840},
  Keywords                 = {cosmology: observations, galaxies: evolution, galaxies: individual: M31 M33 LMC, galaxies: ISM, Local Group},
  Owner                    = {xavier},
  Timestamp                = {2017.06.10}
}

@Article{brown73,
  Title                    = {{21-CENTIMETER Absorption at z = 0.692 in the Quasar 3c 286}},
  Author                   = {{Brown}, R.~L. and {Roberts}, M.~S.},
  Journal                  = {\apjl},
  Year                     = {1973},

  Month                    = aug,
  Pages                    = {L7},
  Volume                   = {184},

  Adsnote                  = {Provided by the SAO/NASA Astrophysics Data System},
  Adsurl                   = {http://adsabs.harvard.edu/abs/1973ApJ...184L...7B},
  Doi                      = {10.1086/181276},
  Owner                    = {xavier},
  Timestamp                = {2017.09.04}
}

@Article{blb66,
  Title                    = {{On the Measurement and Interpretation of Absorption Features in the Spectrum of the Quasi-Stellar Object 3c 191}},
  Author                   = {{Burbidge}, E.~M. and {Lynds}, C.~R. and {Burbidge}, G.~R.},
  Journal                  = {\apj},
  Year                     = {1966},

  Month                    = apr,
  Pages                    = {447},
  Volume                   = {144},

  Adsnote                  = {Provided by the SAO/NASA Astrophysics Data System},
  Adsurl                   = {http://adsabs.harvard.edu/abs/1966ApJ...144..447B},
  Bdsk-url-1               = {http://dx.doi.org/10.1086/148629},
  Date-added               = {2016-09-21 13:17:52 +0000},
  Date-modified            = {2016-09-21 13:18:02 +0000},
  Doi                      = {10.1086/148629},
  Owner                    = {xavier},
  Timestamp                = {2017.09.04}
}

@Article{busca13,
  Title                    = {{Baryon acoustic oscillations in the Ly{$\alpha$} forest of BOSS quasars}},
  Author                   = {{Busca}, N.~G. and {Delubac}, T. and {Rich}, J. and {Bailey}, S. and {Font-Ribera}, A. and {Kirkby}, D. and {Le Goff}, J.-M. and {Pieri}, M.~M. and {Slosar}, A. and {Aubourg}, {\'E}. and {Bautista}, J.~E. and {Bizyaev}, D. and {Blomqvist}, M. and {Bolton}, A.~S. and {Bovy}, J. and {Brewington}, H. and {Borde}, A. and {Brinkmann}, J. and {Carithers}, B. and {Croft}, R.~A.~C. and {Dawson}, K.~S. and {Ebelke}, G. and {Eisenstein}, D.~J. and {Hamilton}, J.-C. and {Ho}, S. and {Hogg}, D.~W. and {Honscheid}, K. and {Lee}, K.-G. and {Lundgren}, B. and {Malanushenko}, E. and {Malanushenko}, V. and {Margala}, D. and {Maraston}, C. and {Mehta}, K. and {Miralda-Escud{\'e}}, J. and {Myers}, A.~D. and {Nichol}, R.~C. and {Noterdaeme}, P. and {Olmstead}, M.~D. and {Oravetz}, D. and {Palanque-Delabrouille}, N. and {Pan}, K. and {P{\^a}ris}, I. and {Percival}, W.~J. and {Petitjean}, P. and {Roe}, N.~A. and {Rollinde}, E. and {Ross}, N.~P. and {Rossi}, G. and {Schlegel}, D.~J. and {Schneider}, D.~P. and {Shelden}, A. and {Sheldon}, E.~S. and {Simmons}, A. and {Snedden}, S. and {Tinker}, J.~L. and {Viel}, M. and {Weaver}, B.~A. and {Weinberg}, D.~H. and {White}, M. and {Y{\`e}che}, C. and {York}, D.~G.},
  Journal                  = {\aap},
  Year                     = {2013},

  Month                    = apr,
  Pages                    = {A96},
  Volume                   = {552},

  Adsnote                  = {Provided by the SAO/NASA Astrophysics Data System},
  Adsurl                   = {http://adsabs.harvard.edu/abs/2013A%26A...552A..96B},
  Archiveprefix            = {arXiv},
  Doi                      = {10.1051/0004-6361/201220724},
  Eid                      = {A96},
  Eprint                   = {1211.2616},
  Keywords                 = {cosmology: observations, dark energy, large-scale structure of Universe, cosmological parameters},
  Owner                    = {xavier},
  Primaryclass             = {astro-ph.CO},
  Timestamp                = {2017.09.04}
}

@Article{ctp+10,
  Title                    = {{The Last Eight-Billion Years of Intergalactic C IV Evolution}},
  Author                   = {{Cooksey}, K.~L. and {Thom}, C. and {Prochaska}, J.~X. and {Chen}, {H.-W.}},
  Journal                  = {\apj},
  Year                     = {2010},

  Month                    = jan,
  Pages                    = {868-908},
  Volume                   = {708},

  Adsnote                  = {Provided by the SAO/NASA Astrophysics Data System},
  Adsurl                   = {http://adsabs.harvard.edu/abs/2010ApJ...708..868C},
  Archiveprefix            = {arXiv},
  Bdsk-url-1               = {http://dx.doi.org/10.1088/0004-637X/708/1/868},
  Date-added               = {2010-07-19 06:51:57 -0700},
  Date-modified            = {2010-07-19 06:52:01 -0700},
  Doi                      = {10.1088/0004-637X/708/1/868},
  Eprint                   = {0906.3347},
  Keywords                 = {intergalactic medium, quasars: absorption lines, techniques: spectroscopic},
  Owner                    = {xavier},
  Timestamp                = {2017.09.04}
}

@Article{dt01,
  Title                    = {{The Statistical and Physical Properties of the Low-Redshift LY{$\alpha$} Forest Observed with the Hubble Space Telescope/STIS}},
  Author                   = {{Dav{\'e}}, R. and {Tripp}, T.~M.},
  Journal                  = {\apj},
  Year                     = {2001},

  Month                    = jun,
  Pages                    = {528-537},
  Volume                   = {553},

  Adsnote                  = {Provided by the SAO/NASA Astrophysics Data System},
  Adsurl                   = {http://adsabs.harvard.edu/abs/2001ApJ...553..528D},
  Bdsk-url-1               = {http://dx.doi.org/10.1086/320977},
  Bdsk-url-2               = {http://dx.doi.org/10.1086/320977},
  Bdsk-url-3               = {http://dx.doi.org/10.1086/320977},
  Date-added               = {2008-04-10 11:25:55 -0700},
  Date-modified            = {2008-04-10 11:26:09 -0700},
  Doi                      = {10.1086/320977},
  Eprint                   = {arXiv:astro-ph/0101419},
  Keywords                 = {lya_forest,QAL},
  Owner                    = {xavier},
  Timestamp                = {2017.09.04}
}

@Article{db06,
  Title                    = {{Galaxy bimodality due to cold flows and shock heating}},
  Author                   = {{Dekel}, A. and {Birnboim}, Y.},
  Journal                  = {\mnras},
  Year                     = {2006},

  Month                    = may,
  Pages                    = {2-20},
  Volume                   = {368},

  Adsnote                  = {Provided by the SAO/NASA Astrophysics Data System},
  Adsurl                   = {http://adsabs.harvard.edu/abs/2006MNRAS.368....2D},
  Bdsk-url-1               = {http://dx.doi.org/10.1111/j.1365-2966.2006.10145.x},
  Bdsk-url-2               = {http://dx.doi.org/10.1111/j.1365-2966.2006.10145.x},
  Bdsk-url-3               = {http://dx.doi.org/10.1111/j.1365-2966.2006.10145.x},
  Date-added               = {2008-03-26 17:00:21 -0700},
  Date-modified            = {2008-03-26 17:00:26 -0700},
  Doi                      = {10.1111/j.1365-2966.2006.10145.x},
  Eprint                   = {arXiv:astro-ph/0412300},
  Keywords                 = {lowz_galaxies},
  Owner                    = {xavier},
  Timestamp                = {2017.09.04}
}

@Article{duncan89,
  Title                    = {{Voids in the Ly-alpha forest}},
  Author                   = {{Duncan}, R.~C. and {Ostriker}, J.~P. and {Bajtlik}, S.},
  Journal                  = {\apj},
  Year                     = {1989},

  Month                    = oct,
  Pages                    = {39-51},
  Volume                   = {345},

  Adsnote                  = {Provided by the SAO/NASA Astrophysics Data System},
  Adsurl                   = {http://adsabs.harvard.edu/abs/1989ApJ...345...39D},
  Doi                      = {10.1086/167879},
  Keywords                 = {Computational Astrophysics, Cosmology, Galactic Clusters, Lyman Alpha Radiation, Quasars, Astronomical Spectroscopy, Line Of Sight, Line Spectra, Probability Distribution Functions},
  Owner                    = {xavier},
  Timestamp                = {2017.09.04}
}

@Article{fall93,
  Title                    = {{Obscuration of quasars by dust in damped Lyman-alpha systems}},
  Author                   = {{Fall}, S.~M. and {Pei}, Y.~C.},
  Journal                  = {\apj},
  Year                     = {1993},

  Month                    = jan,
  Pages                    = {479-492},
  Volume                   = {402},

  Adsnote                  = {Provided by the Smithsonian/NASA Astrophysics Data System},
  Adsurl                   = {http://adsabs.harvard.edu/cgi-bin/nph-bib_query?bibcode=1993ApJ...402..479F&db_key=AST},
  Bdsk-url-1               = {http://dx.doi.org/10.1086/172151},
  Bdsk-url-2               = {http://dx.doi.org/10.1086/172151},
  Bdsk-url-3               = {http://dx.doi.org/10.1086/172151},
  Date-added               = {2007-06-30 17:41:28 -0700},
  Date-modified            = {2007-06-30 17:41:30 -0700},
  Doi                      = {10.1086/172151},
  Keywords                 = {QAL},
  Owner                    = {xavier},
  Timestamp                = {2017.09.04}
}

@Article{fg11,
  Title                    = {{The small covering factor of cold accretion streams}},
  Author                   = {{Faucher-Gigu{\`e}re}, C.-A. and {Kere{\v s}}, D.},
  Journal                  = {\mnras},
  Year                     = {2011},

  Month                    = mar,
  Pages                    = {L118-L122},
  Volume                   = {412},

  Adsnote                  = {Provided by the SAO/NASA Astrophysics Data System},
  Adsurl                   = {http://adsabs.harvard.edu/abs/2011MNRAS.412L.118F},
  Archiveprefix            = {arXiv},
  Bdsk-url-1               = {http://dx.doi.org/10.1111/j.1745-3933.2011.01018.x},
  Date-added               = {2012-03-17 08:51:21 -0700},
  Date-modified            = {2012-03-17 08:51:21 -0700},
  Doi                      = {10.1111/j.1745-3933.2011.01018.x},
  Eprint                   = {1011.1693},
  Keywords                 = {radiative transfer, galaxies: evolution, galaxies: formation, galaxies: high-redshift, cosmology: theory},
  Owner                    = {xavier},
  Primaryclass             = {astro-ph.CO},
  Timestamp                = {2017.09.04}
}

@Article{flh+08,
  Title                    = {{Evolution of the Intergalactic Opacity: Implications for the Ionizing Background, Cosmic Star Formation, and Quasar Activity}},
  Author                   = {{Faucher-Gigu{\`e}re}, C.-A. and {Lidz}, A. and {Hernquist}, L. and {Zaldarriaga}, M.},
  Journal                  = {\apj},
  Year                     = {2008},

  Month                    = nov,
  Pages                    = {85-107},
  Volume                   = {688},

  Adsnote                  = {Provided by the SAO/NASA Astrophysics Data System},
  Adsurl                   = {http://adsabs.harvard.edu/abs/2008ApJ...688...85F},
  Archiveprefix            = {arXiv},
  Bdsk-url-1               = {http://dx.doi.org/10.1086/592289},
  Date-added               = {2009-02-11 09:12:05 -0800},
  Date-modified            = {2009-02-11 09:12:05 -0800},
  Doi                      = {10.1086/592289},
  Eprint                   = {0807.4177},
  Keywords                 = {Cosmology: Theory, Cosmology: Diffuse Radiation, Galaxies: Evolution, Galaxies: Formation, Methods: Data Analysis, Galaxies: Quasars: Absorption Lines, Galaxies: Quasars: General},
  Owner                    = {xavier},
  Timestamp                = {2017.09.04}
}

@Article{flh+08b,
  Title                    = {{A Flat Photoionization Rate at 2 $<$= z $<$= 4.2: Evidence for a Stellar-Dominated UV Background and against a Decline of Cosmic Star Formation beyond $z \sim 3$}},
  Author                   = {{Faucher-Gigu{\`e}re}, C.-A. and {Lidz}, A. and {Hernquist}, L. and {Zaldarriaga}, M.},
  Journal                  = {\apjl},
  Year                     = {2008},

  Month                    = jul,
  Pages                    = {L9},
  Volume                   = {682},

  Adsnote                  = {Provided by the SAO/NASA Astrophysics Data System},
  Adsurl                   = {http://adsabs.harvard.edu/abs/2008ApJ...682L...9F},
  Archiveprefix            = {arXiv},
  Doi                      = {10.1086/590409},
  Eid                      = {L9},
  Eprint                   = {0806.0372},
  Keywords                 = {diffuse radiation, galaxies: evolution, galaxies: formation, galaxies: high-redshift, methods: data analysis, quasars: absorption lines },
  Owner                    = {xavier},
  Timestamp                = {2017.09.04}
}

@Article{flz+09,
  Title                    = {{A New Calculation of the Ionizing Background Spectrum and the Effects of He II Reionization}},
  Author                   = {{Faucher-Gigu{\`e}re}, C.-A. and {Lidz}, A. and {Zaldarriaga}, M. and {Hernquist}, L.},
  Journal                  = {\apj},
  Year                     = {2009},

  Month                    = oct,
  Pages                    = {1416-1443},
  Volume                   = {703},

  Adsnote                  = {Provided by the SAO/NASA Astrophysics Data System},
  Adsurl                   = {http://adsabs.harvard.edu/abs/2009ApJ...703.1416F},
  Archiveprefix            = {arXiv},
  Doi                      = {10.1088/0004-637X/703/2/1416},
  Eprint                   = {0901.4554},
  Keywords                 = {cosmology: theory, diffuse radiation, galaxies: evolution, galaxies: formation, galaxies: high-redshift, quasars: absorption lines},
  Owner                    = {xavier},
  Primaryclass             = {astro-ph.CO},
  Timestamp                = {2017.09.04}
}

@Article{fpl+08,
  Title                    = {{A Direct Precision Measurement of the Intergalactic Ly{$\alpha$} Opacity at $2 \le z \le 4.2$}},
  Author                   = {{Faucher-Gigu{\`e}re}, C.-A. and {Prochaska}, J.~X. and {Lidz}, A. and {Hernquist}, L. and {Zaldarriaga}, M.},
  Journal                  = {\apj},
  Year                     = {2008},

  Month                    = jul,
  Pages                    = {831-855},
  Volume                   = {681},

  Adsnote                  = {Provided by the SAO/NASA Astrophysics Data System},
  Adsurl                   = {http://adsabs.harvard.edu/abs/2008ApJ...681..831F},
  Bdsk-url-1               = {http://dx.doi.org/10.1086/588648},
  Date-added               = {2008-09-17 09:54:48 -0700},
  Date-modified            = {2009-11-10 16:51:20 -0800},
  Doi                      = {10.1086/588648},
  Eprint                   = {arXiv:0709.2382},
  Keywords                 = {Cosmology: Observations, Cosmology: Theory, Methods: Data Analysis, Methods: Numerical, Methods: Statistical, Galaxies: Quasars: Absorption Lines},
  Owner                    = {xavier},
  Timestamp                = {2017.09.04}
}

@Article{field59,
  Title                    = {{An Attempt to Observe Neutral Hydrogen Between the Galaxies.}},
  Author                   = {{Field}, G.~B.},
  Journal                  = {\apj},
  Year                     = {1959},

  Month                    = may,
  Pages                    = {525},
  Volume                   = {129},

  Adsnote                  = {Provided by the SAO/NASA Astrophysics Data System},
  Adsurl                   = {http://adsabs.harvard.edu/abs/1959ApJ...129..525F},
  Doi                      = {10.1086/146652},
  Owner                    = {xavier},
  Timestamp                = {2017.09.04}
}

@Article{font12,
  Title                    = {{The large-scale cross-correlation of Damped Lyman alpha systems with the Lyman alpha forest: first measurements from BOSS}},
  Author                   = {{Font-Ribera}, A. and {Miralda-Escud{\'e}}, J. and {Arnau}, E. and {Carithers}, B. and {Lee}, K.-G. and {Noterdaeme}, P. and {P{\^a}ris}, I. and {Petitjean}, P. and {Rich}, J. and {Rollinde}, E. and {Ross}, N.~P. and {Schneider}, D.~P. and {White}, M. and {York}, D.~G.},
  Journal                  = {\jcap},
  Year                     = {2012},

  Month                    = nov,
  Pages                    = {59},
  Volume                   = {11},

  Adsnote                  = {Provided by the SAO/NASA Astrophysics Data System},
  Adsurl                   = {http://adsabs.harvard.edu/abs/2012JCAP...11..059F},
  Archiveprefix            = {arXiv},
  Bdsk-url-1               = {http://dx.doi.org/10.1088/1475-7516/2012/11/059},
  Date-added               = {2013-04-14 13:22:03 +0000},
  Date-modified            = {2013-04-14 13:22:07 +0000},
  Doi                      = {10.1088/1475-7516/2012/11/059},
  Eid                      = {059},
  Eprint                   = {1209.4596},
  Owner                    = {xavier},
  Primaryclass             = {astro-ph.CO},
  Timestamp                = {2017.09.04}
}

@Article{fop+13,
  Title                    = {{Dissecting the Properties of Optically Thick Hydrogen at the Peak of Cosmic Star Formation History}},
  Author                   = {{Fumagalli}, M. and {O'Meara}, J.~M. and {Prochaska}, J.~X. and {Worseck}, G.},
  Journal                  = {\apj},
  Year                     = {2013},

  Month                    = sep,
  Pages                    = {78},
  Volume                   = {775},

  Adsnote                  = {Provided by the SAO/NASA Astrophysics Data System},
  Adsurl                   = {http://adsabs.harvard.edu/abs/2013ApJ...775...78F},
  Archiveprefix            = {arXiv},
  Bdsk-url-1               = {http://dx.doi.org/10.1088/0004-637X/775/1/78},
  Date-added               = {2013-09-17 16:39:39 +0000},
  Date-modified            = {2013-09-17 16:39:45 +0000},
  Doi                      = {10.1088/0004-637X/775/1/78},
  Eid                      = {78},
  Eprint                   = {1308.1101},
  Keywords                 = {cosmology: observations, galaxies: halos, galaxies: high-redshift, intergalactic medium, quasars: absorption lines},
  Owner                    = {xavier},
  Primaryclass             = {astro-ph.CO},
  Timestamp                = {2017.09.04}
}

@Article{fpk+11,
  Title                    = {{Absorption-line systems in simulated galaxies fed by cold streams}},
  Author                   = {{Fumagalli}, M. and {Prochaska}, J.~X. and {Kasen}, D. and {Dekel}, A. and {Ceverino}, D. and {Primack}, J.~R.},
  Journal                  = {\mnras},
  Year                     = {2011},

  Month                    = dec,
  Pages                    = {1796-1821},
  Volume                   = {418},

  Adsnote                  = {Provided by the SAO/NASA Astrophysics Data System},
  Adsurl                   = {http://adsabs.harvard.edu/abs/2011MNRAS.418.1796F},
  Archiveprefix            = {arXiv},
  Bdsk-url-1               = {http://dx.doi.org/10.1111/j.1365-2966.2011.19599.x},
  Date-added               = {2013-07-25 22:31:01 +0000},
  Date-modified            = {2013-07-25 22:31:06 +0000},
  Doi                      = {10.1111/j.1365-2966.2011.19599.x},
  Eprint                   = {1103.2130},
  Keywords                 = {radiative transfer, galaxies: evolution, galaxies: formation, galaxies: high-redshift, intergalactic medium, quasars: absorption lines},
  Owner                    = {xavier},
  Primaryclass             = {astro-ph.CO},
  Timestamp                = {2017.09.04}
}

@Article{fjp+09,
  Title                    = {{Low-resolution Spectroscopy of Gamma-ray Burst Optical Afterglows: Biases in the Swift Sample and Characterization of the Absorbers}},
  Author                   = {{Fynbo}, J.~P.~U. and {Jakobsson}, P. and {Prochaska}, J.~X. and {Malesani}, D. and {Ledoux}, C. and {de Ugarte Postigo}, A. and {Nardini}, M. and {Vreeswijk}, P.~M. and {Wiersema}, K. and {Hjorth}, J. and {Sollerman}, J. and {Chen}, {H.-W.} and {Th{\"o}ne}, C.~C. and {Bj{\"o}rnsson}, G. and {Bloom}, J.~S. and {Castro-Tirado}, A.~J. and {Christensen}, L. and {De Cia}, A. and {Fruchter}, A.~S. and {Gorosabel}, J. and {Graham}, J.~F. and {Jaunsen}, A.~O. and {Jensen}, B.~L. and {Kann}, D.~A. and {Kouveliotou}, C. and {Levan}, A.~J. and {Maund}, J. and {Masetti}, N. and {Milvang-Jensen}, B. and {Palazzi}, E. and {Perley}, D.~A. and {Pian}, E. and {Rol}, E. and {Schady}, P. and {Starling}, R.~L.~C. and {Tanvir}, N.~R. and {Watson}, D.~J. and {Xu}, D. and {Augusteijn}, T. and {Grundahl}, F. and {Telting}, J. and {Quirion}, {P.-O.}},
  Journal                  = {\apjs},
  Year                     = {2009},

  Month                    = dec,
  Pages                    = {526-573},
  Volume                   = {185},

  Adsnote                  = {Provided by the SAO/NASA Astrophysics Data System},
  Adsurl                   = {http://adsabs.harvard.edu/abs/2009ApJS..185..526F},
  Archiveprefix            = {arXiv},
  Bdsk-url-1               = {http://dx.doi.org/10.1088/0067-0049/185/2/526},
  Date-added               = {2010-05-15 08:17:46 -0700},
  Date-modified            = {2010-05-15 08:18:03 -0700},
  Doi                      = {10.1088/0067-0049/185/2/526},
  Eprint                   = {0907.3449},
  Keywords                 = {dust, extinction, galaxies: high-redshift, gamma rays: bursts},
  Owner                    = {xavier},
  Timestamp                = {2017.09.04}
}

@Article{gkh+01,
  Title                    = {{Simulations of Damped Ly{$\alpha$} and Lyman Limit Absorbers in Different Cosmologies: Implications for Structure Formation at High Redshift}},
  Author                   = {{Gardner}, J.~P. and {Katz}, N. and {Hernquist}, L. and {Weinberg}, D.~H.},
  Journal                  = {\apj},
  Year                     = {2001},

  Month                    = sep,
  Pages                    = {131-146},
  Volume                   = {559},

  Adsnote                  = {Provided by the SAO/NASA Astrophysics Data System},
  Adsurl                   = {http://adsabs.harvard.edu/abs/2001ApJ...559..131G},
  Bdsk-url-1               = {http://dx.doi.org/10.1086/322403},
  Bdsk-url-2               = {http://dx.doi.org/10.1086/322403},
  Bdsk-url-3               = {http://dx.doi.org/10.1086/322403},
  Date-added               = {2008-03-26 16:44:12 -0700},
  Date-modified            = {2008-03-26 16:44:18 -0700},
  Doi                      = {10.1086/322403},
  Keywords                 = {ISM},
  Owner                    = {xavier},
  Timestamp                = {2017.09.04}
}

@Article{giallongo+15,
  Title                    = {{Faint AGNs at $z > 4$ in the CANDELS GOODS-S field: looking for contributors to the reionization of the Universe}},
  Author                   = {{Giallongo}, E. and {Grazian}, A. and {Fiore}, F. and {Fontana}, A. and {Pentericci}, L. and {Vanzella}, E. and {Dickinson}, M. and {Kocevski}, D. and {Castellano}, M. and {Cristiani}, S. and {Ferguson}, H. and {Finkelstein}, S. and {Grogin}, N. and {Hathi}, N. and {Koekemoer}, A.~M. and {Newman}, J.~A. and {Salvato}, M.},
  Journal                  = {\aap},
  Year                     = {2015},

  Month                    = jun,
  Pages                    = {A83},
  Volume                   = {578},

  Adsnote                  = {Provided by the SAO/NASA Astrophysics Data System},
  Adsurl                   = {http://adsabs.harvard.edu/abs/2015A%26A...578A..83G},
  Archiveprefix            = {arXiv},
  Doi                      = {10.1051/0004-6361/201425334},
  Eid                      = {A83},
  Eprint                   = {1502.02562},
  Keywords                 = {quasars: general, dark ages, reionization, first stars},
  Owner                    = {xavier},
  Timestamp                = {2017.09.04}
}

@Article{gp65,
  Title                    = {{On the Density of Neutral Hydrogen in Intergalactic Space.}},
  Author                   = {{Gunn}, J.~E. and {Peterson}, B.~A.},
  Journal                  = {\apj},
  Year                     = {1965},

  Month                    = nov,
  Pages                    = {1633-1641},
  Volume                   = {142},

  Adsnote                  = {Provided by the SAO/NASA Astrophysics Data System},
  Adsurl                   = {http://adsabs.harvard.edu/abs/1965ApJ...142.1633G},
  Bdsk-url-1               = {http://dx.doi.org/10.1086/148444},
  Bdsk-url-2               = {http://dx.doi.org/10.1086/148444},
  Bdsk-url-3               = {http://dx.doi.org/10.1086/148444},
  Date-added               = {2008-03-10 15:48:11 -0700},
  Date-modified            = {2008-03-10 15:48:22 -0700},
  Doi                      = {10.1086/148444},
  Keywords                 = {QAL},
  Owner                    = {xavier},
  Timestamp                = {2017.09.04}
}

@Article{hm96,
  Title                    = {{Radiative Transfer in a Clumpy Universe. II. The Ultraviolet Extragalactic Background}},
  Author                   = {{Haardt}, F. and {Madau}, P.},
  Journal                  = {\apj},
  Year                     = {1996},

  Month                    = apr,
  Pages                    = {20-+},
  Volume                   = {461},

  Adsnote                  = {Provided by the Smithsonian/NASA Astrophysics Data System},
  Adsurl                   = {http://adsabs.harvard.edu/cgi-bin/nph-bib_query?bibcode=1996ApJ...461...20H&db_key=AST},
  Bdsk-url-1               = {http://dx.doi.org/10.1086/177035},
  Bdsk-url-2               = {http://dx.doi.org/10.1086/177035},
  Bdsk-url-3               = {http://dx.doi.org/10.1086/177035},
  Date-added               = {2007-06-30 17:40:38 -0700},
  Date-modified            = {2007-10-11 16:19:27 -0700},
  Doi                      = {10.1086/177035},
  Eprint                   = {astro-ph/9509093},
  Keywords                 = {OVI},
  Owner                    = {xavier},
  Timestamp                = {2017.09.04}
}

@Article{HuiGnedin97,
  Title                    = {{Equation of state of the photoionized intergalactic medium}},
  Author                   = {{Hui}, L. and {Gnedin}, N.~Y.},
  Journal                  = {\mnras},
  Year                     = {1997},

  Month                    = nov,
  Pages                    = {27-+},
  Volume                   = {292},

  Adsnote                  = {Provided by the SAO/NASA Astrophysics Data System},
  Adsurl                   = {http://adsabs.harvard.edu/abs/1997MNRAS.292...27H},
  Date-added               = {2009-11-10 16:47:15 -0800},
  Date-modified            = {2009-11-10 16:47:15 -0800},
  Eprint                   = {arXiv:astro-ph/9612232},
  Keywords                 = {EQUATIONS OF STATE, INTERGALACTIC MEDIA, PHOTOIONIZATION, ABSORPTION SPECTRA, QUASARS},
  Owner                    = {xavier},
  Timestamp                = {2017.09.04}
}

@Article{hr99,
  Title                    = {{The B Distribution and the Velocity Structure of Absorption Peaks in the LYalpha Forest}},
  Author                   = {{Hui}, L. and {Rutledge}, R.~E.},
  Journal                  = {\apj},
  Year                     = {1999},

  Month                    = jun,
  Pages                    = {541-548},
  Volume                   = {517},

  Adsnote                  = {Provided by the SAO/NASA Astrophysics Data System},
  Adsurl                   = {http://adsabs.harvard.edu/abs/1999ApJ...517..541H},
  Bdsk-url-1               = {http://dx.doi.org/10.1086/307202},
  Date-added               = {2009-10-23 18:44:38 -0700},
  Date-modified            = {2009-10-23 18:44:42 -0700},
  Doi                      = {10.1086/307202},
  Eprint                   = {arXiv:astro-ph/9709100},
  Keywords                 = {COSMOLOGY: THEORY, GALAXIES: INTERGALACTIC MEDIUM, GALAXIES: QUASARS: ABSORPTION LINES},
  Owner                    = {xavier},
  Timestamp                = {2017.09.04}
}

@Article{inoue+14,
  Title                    = {{An updated analytic model for attenuation by the intergalactic medium}},
  Author                   = {{Inoue}, A.~K. and {Shimizu}, I. and {Iwata}, I. and {Tanaka}, M. },
  Journal                  = {\mnras},
  Year                     = {2014},

  Month                    = aug,
  Pages                    = {1805-1820},
  Volume                   = {442},

  Adsnote                  = {Provided by the SAO/NASA Astrophysics Data System},
  Adsurl                   = {http://adsabs.harvard.edu/abs/2014MNRAS.442.1805I},
  Archiveprefix            = {arXiv},
  Doi                      = {10.1093/mnras/stu936},
  Eprint                   = {1402.0677},
  Keywords                 = {galaxies: high-redshift, intergalactic medium, cosmology: observations},
  Owner                    = {xavier},
  Timestamp                = {2017.06.10}
}

@Article{keres09a,
  Title                    = {{Galaxies in a simulated {$\Lambda$}CDM Universe - I. Cold mode and hot cores}},
  Author                   = {{Kere{\v s}}, D. and {Katz}, N. and {Fardal}, M. and {Dav{\'e}}, R. and {Weinberg}, D.~H.},
  Journal                  = {\mnras},
  Year                     = {2009},

  Month                    = may,
  Pages                    = {160-179},
  Volume                   = {395},

  Adsnote                  = {Provided by the SAO/NASA Astrophysics Data System},
  Adsurl                   = {http://adsabs.harvard.edu/abs/2009MNRAS.395..160K},
  Archiveprefix            = {arXiv},
  Bdsk-url-1               = {http://dx.doi.org/10.1111/j.1365-2966.2009.14541.x},
  Date-added               = {2012-09-11 10:53:50 -0700},
  Date-modified            = {2012-09-11 10:53:54 -0700},
  Doi                      = {10.1111/j.1365-2966.2009.14541.x},
  Eprint                   = {0809.1430},
  Keywords                 = {cooling flows , galaxies: evolution , galaxies: formation , galaxies: haloes , intergalactic medium},
  Owner                    = {xavier},
  Timestamp                = {2017.09.04}
}

@Article{kim13,
  Title                    = {{The evolution of H I and C IV quasar absorption line systems at $1.9 < z < 3.2$}},
  Author                   = {{Kim}, T.-S. and {Partl}, A.~M. and {Carswell}, R.~F. and {M{\"u}ller}, V.},
  Journal                  = {\aap},
  Year                     = {2013},

  Month                    = apr,
  Pages                    = {A77},
  Volume                   = {552},

  Adsnote                  = {Provided by the SAO/NASA Astrophysics Data System},
  Adsurl                   = {http://adsabs.harvard.edu/abs/2013A%26A...552A..77K},
  Archiveprefix            = {arXiv},
  Bdsk-url-1               = {http://dx.doi.org/10.1051/0004-6361/201220042},
  Date-added               = {2013-09-17 16:43:51 +0000},
  Date-modified            = {2013-09-17 16:43:54 +0000},
  Doi                      = {10.1051/0004-6361/201220042},
  Eid                      = {A77},
  Eprint                   = {1302.6622},
  Keywords                 = {quasars: absorption lines, cosmology: observations, large-scale structure of Universe},
  Owner                    = {xavier},
  Primaryclass             = {astro-ph.CO},
  Timestamp                = {2017.09.04}
}

@Article{kt97,
  Title                    = {{Intrinsic Properties of the z = 2.7 LY alpha Forest from Keck Spectra of Quasar HS 1946+7658}},
  Author                   = {{Kirkman}, D. and {Tytler}, D.},
  Journal                  = {\apj},
  Year                     = {1997},

  Month                    = jul,
  Pages                    = {672-+},
  Volume                   = {484},

  Adsnote                  = {Provided by the Smithsonian/NASA Astrophysics Data System},
  Adsurl                   = {http://adsabs.harvard.edu/cgi-bin/nph-bib_query?bibcode=1997ApJ...484..672K&db_key=AST},
  Bdsk-url-1               = {http://dx.doi.org/10.1086/304371},
  Bdsk-url-2               = {http://dx.doi.org/10.1086/304371},
  Bdsk-url-3               = {http://dx.doi.org/10.1086/304371},
  Date-added               = {2007-06-30 17:41:28 -0700},
  Date-modified            = {2007-06-30 17:41:31 -0700},
  Doi                      = {10.1086/304371},
  Eprint                   = {astro-ph/9701209},
  Keywords                 = {QAL},
  Owner                    = {xavier},
  Timestamp                = {2017.09.04}
}

@Article{kts+05,
  Title                    = {{The HI opacity of the intergalactic medium at redshifts $1.6 < z < 3.2$}},
  Author                   = {{Kirkman}, D. and {Tytler}, D. and {Suzuki}, N. and {Melis}, C. and {Hollywood}, S. and {James}, K. and {So}, G. and {Lubin}, D. and {Jena}, T. and {Norman}, M.~L. and {Paschos}, P.},
  Journal                  = {\mnras},
  Year                     = {2005},

  Month                    = jul,
  Pages                    = {1373-1380},
  Volume                   = {360},

  Adsnote                  = {Provided by the SAO/NASA Astrophysics Data System},
  Adsurl                   = {http://adsabs.harvard.edu/abs/2005MNRAS.360.1373K},
  Bdsk-url-1               = {http://dx.doi.org/10.1111/j.1365-2966.2005.09126.x},
  Date-added               = {2008-11-11 12:07:17 -0800},
  Date-modified            = {2008-11-11 12:07:22 -0800},
  Doi                      = {10.1111/j.1365-2966.2005.09126.x},
  Eprint                   = {arXiv:astro-ph/0504391},
  Keywords                 = {intergalactic medium: quasars: absorption lines: cosmology: observations},
  Owner                    = {xavier},
  Timestamp                = {2017.09.04}
}

@Article{xq_100,
  Title                    = {{XQ-100: A legacy survey of one hundred $3.5 < z < 4.5$ quasars observed with VLT/X-shooter}},
  Author                   = {{L{\'o}pez}, S. and {D'Odorico}, V. and {Ellison}, S.~L. and {Becker}, G.~D. and {Christensen}, L. and {Cupani}, G. and {Denney}, K.~D. and {P{\^a}ris}, I. and {Worseck}, G. and {Berg}, T.~A.~M. and {Cristiani}, S. and {Dessauges-Zavadsky}, M. and {Haehnelt}, M. and {Hamann}, F. and {Hennawi}, J. and {Ir{\v s}i{\v c}}, V. and {Kim}, T.-S. and {L{\'o}pez}, P. and {Lund Saust}, R. and {M{\'e}nard}, B. and {Perrotta}, S. and {Prochaska}, J.~X. and {S{\'a}nchez-Ram{\'{\i}}rez}, R. and {Vestergaard}, M. and {Viel}, M. and {Wisotzki}, L.},
  Journal                  = {\aap},
  Year                     = {2016},

  Month                    = oct,
  Pages                    = {A91},
  Volume                   = {594},

  Adsnote                  = {Provided by the SAO/NASA Astrophysics Data System},
  Adsurl                   = {http://adsabs.harvard.edu/abs/2016A%26A...594A..91L},
  Archiveprefix            = {arXiv},
  Doi                      = {10.1051/0004-6361/201628161},
  Eid                      = {A91},
  Eprint                   = {1607.08776},
  Keywords                 = {surveys, quasars: general},
  Owner                    = {xavier},
  Timestamp                = {2017.05.17}
}

@Article{lee03,
  Title                    = {{Asymmetric Deviation of the Scattering Cross Section around Ly{$\alpha$} by Atomic Hydrogen}},
  Author                   = {{Lee}, H.-W.},
  Journal                  = {\apj},
  Year                     = {2003},

  Month                    = sep,
  Pages                    = {637-641},
  Volume                   = {594},

  Adsnote                  = {Provided by the SAO/NASA Astrophysics Data System},
  Adsurl                   = {http://adsabs.harvard.edu/abs/2003ApJ...594..637L},
  Doi                      = {10.1086/376867},
  Eprint                   = {astro-ph/0308083},
  Keywords                 = {Atomic Data, Cosmology: Miscellaneous, Galaxies: Quasars: General, Radiative Transfer},
  Owner                    = {xavier},
  Timestamp                = {2017.09.04}
}

@Article{lee+15,
  Title                    = {{IGM Constraints from the SDSS-III/BOSS DR9 Ly{$\alpha$} Forest Transmission Probability Distribution Function}},
  Author                   = {{Lee}, K.-G. and {Hennawi}, J.~F. and {Spergel}, D.~N. and {Weinberg}, D.~H. and {Hogg}, D.~W. and {Viel}, M. and {Bolton}, J.~S. and {Bailey}, S. and {Pieri}, M.~M. and {Carithers}, W. and {Schlegel}, D.~J. and {Lundgren}, B. and {Palanque-Delabrouille}, N. and {Suzuki}, N. and {Schneider}, D.~P. and {Y{\`e}che}, C.},
  Journal                  = {\apj},
  Year                     = {2015},

  Month                    = feb,
  Pages                    = {196},
  Volume                   = {799},

  Adsnote                  = {Provided by the SAO/NASA Astrophysics Data System},
  Adsurl                   = {http://adsabs.harvard.edu/abs/2015ApJ...799..196L},
  Archiveprefix            = {arXiv},
  Doi                      = {10.1088/0004-637X/799/2/196},
  Eid                      = {196},
  Eprint                   = {1405.1072},
  Keywords                 = {intergalactic medium, large-scale structure of universe, methods: data analysis, quasars: absorption lines, quasars: emission lines, techniques: spectroscopic},
  Owner                    = {xavier},
  Timestamp                = {2017.09.04}
}

@Article{lee+14,
  Title                    = {{Ly{$\alpha$} Forest Tomography from Background Galaxies: The First Megaparsec-resolution Large-scale Structure Map at z {$>$} 2}},
  Author                   = {{Lee}, K.-G. and {Hennawi}, J.~F. and {Stark}, C. and {Prochaska}, J.~X. and {White}, M. and {Schlegel}, D.~J. and {Eilers}, A.-C. and {Arinyo-i-Prats}, A. and {Suzuki}, N. and {Croft}, R.~A.~C. and {Caputi}, K.~I. and {Cassata}, P. and {Ilbert}, O. and {Garilli}, B. and {Koekemoer}, A.~M. and {Le Brun}, V. and {Le F{\`e}vre}, O. and {Maccagni}, D. and {Nugent}, P. and {Taniguchi}, Y. and {Tasca}, L.~A.~M. and {Tresse}, L. and {Zamorani}, G. and {Zucca}, E.},
  Journal                  = {\apjl},
  Year                     = {2014},

  Month                    = nov,
  Pages                    = {L12},
  Volume                   = {795},

  Adsnote                  = {Provided by the SAO/NASA Astrophysics Data System},
  Adsurl                   = {http://adsabs.harvard.edu/abs/2014ApJ...795L..12L},
  Archiveprefix            = {arXiv},
  Bdsk-url-1               = {http://dx.doi.org/10.1088/2041-8205/795/1/L12},
  Date-added               = {2014-11-22 21:36:14 +0000},
  Date-modified            = {2014-11-22 21:41:30 +0000},
  Doi                      = {10.1088/2041-8205/795/1/L12},
  Eid                      = {L12},
  Eprint                   = {1409.5632},
  Keywords                 = {cosmology: observations, galaxies: high-redshift, intergalactic medium, quasars: absorption lines, surveys, techniques: spectroscopic},
  Owner                    = {xavier},
  Timestamp                = {2017.09.04}
}

@Article{lee+12,
  Title                    = {{Mean-flux-regulated Principal Component Analysis Continuum Fitting of Sloan Digital Sky Survey Ly{$\alpha$} Forest Spectra}},
  Author                   = {{Lee}, K.-G. and {Suzuki}, N. and {Spergel}, D.~N.},
  Journal                  = {\aj},
  Year                     = {2012},

  Month                    = feb,
  Pages                    = {51},
  Volume                   = {143},

  Adsnote                  = {Provided by the SAO/NASA Astrophysics Data System},
  Adsurl                   = {http://adsabs.harvard.edu/abs/2012AJ....143...51L},
  Archiveprefix            = {arXiv},
  Bdsk-url-1               = {http://dx.doi.org/10.1088/0004-6256/143/2/51},
  Date-added               = {2013-03-25 16:24:08 +0000},
  Date-modified            = {2013-03-25 16:24:11 +0000},
  Doi                      = {10.1088/0004-6256/143/2/51},
  Eid                      = {51},
  Eprint                   = {1108.6080},
  Keywords                 = {intergalactic medium, methods: data analysis, quasars: absorption lines, quasars: emission lines},
  Owner                    = {xavier},
  Primaryclass             = {astro-ph.CO},
  Timestamp                = {2017.09.04}
}

@Article{lkg+97,
  Title                    = {{Keck Spectroscopy of Redshift Z approximately 3 Galaxies in the Hubble Deep Field}},
  Author                   = {{Lowenthal}, J.~D. and {Koo}, D.~C. and {Guzman}, R. and {Gallego}, J. and {Phillips}, A.~C. and {Faber}, S.~M. and {Vogt}, N.~P. and {Illingworth}, G.~D. and {Gronwall}, C.},
  Journal                  = {\apj},
  Year                     = {1997},

  Month                    = may,
  Pages                    = {673-+},
  Volume                   = {481},

  Adsnote                  = {Provided by the SAO/NASA Astrophysics Data System},
  Adsurl                   = {http://adsabs.harvard.edu/abs/1997ApJ...481..673L},
  Bdsk-url-1               = {http://dx.doi.org/10.1086/304092},
  Date-added               = {2010-07-14 17:54:54 -0700},
  Date-modified            = {2010-07-14 17:55:01 -0700},
  Doi                      = {10.1086/304092},
  Eprint                   = {arXiv:astro-ph/9612239},
  Keywords                 = {GALAXIES: DISTANCES AND REDSHIFTS, GALAXIES: EVOLUTION, GALAXIES: STARBURST, SURVEYS},
  Owner                    = {xavier},
  Timestamp                = {2017.09.04}
}

@Article{lusso+12,
  Title                    = {{Bolometric luminosities and Eddington ratios of X-ray selected active galactic nuclei in the XMM-COSMOS survey}},
  Author                   = {{Lusso}, E. and {Comastri}, A. and {Simmons}, B.~D. and {Mignoli}, M. and {Zamorani}, G. and {Vignali}, C. and {Brusa}, M. and {Shankar}, F. and {Lutz}, D. and {Trump}, J.~R. and {Maiolino}, R. and {Gilli}, R. and {Bolzonella}, M. and {Puccetti}, S. and {Salvato}, M. and {Impey}, C.~D. and {Civano}, F. and {Elvis}, M. and {Mainieri}, V. and {Silverman}, J.~D. and {Koekemoer}, A.~M. and {Bongiorno}, A. and {Merloni}, A. and {Berta}, S. and {Le Floc'h}, E. and {Magnelli}, B. and {Pozzi}, F. and {Riguccini}, L.},
  Journal                  = {\mnras},
  Year                     = {2012},

  Month                    = sep,
  Pages                    = {623-640},
  Volume                   = {425},

  Adsnote                  = {Provided by the SAO/NASA Astrophysics Data System},
  Adsurl                   = {http://adsabs.harvard.edu/abs/2012MNRAS.425..623L},
  Archiveprefix            = {arXiv},
  Doi                      = {10.1111/j.1365-2966.2012.21513.x},
  Eprint                   = {1206.2642},
  Keywords                 = {methods: statistical, galaxies: active, galaxies: evolution, quasars: general },
  Owner                    = {xavier},
  Timestamp                = {2017.09.09}
}

@Article{lusso+15,
  Title                    = {{The first ultraviolet quasar-stacked spectrum at $z {\sim} 2.4$ from WFC3}},
  Author                   = {{Lusso}, E. and {Worseck}, G. and {Hennawi}, J.~F. and {Prochaska}, J.~X. and {Vignali}, C. and {Stern}, J. and {O'Meara}, J.~M.},
  Journal                  = {\mnras},
  Year                     = {2015},

  Month                    = jun,
  Pages                    = {4204-4220},
  Volume                   = {449},

  Adsnote                  = {Provided by the SAO/NASA Astrophysics Data System},
  Adsurl                   = {http://adsabs.harvard.edu/abs/2015MNRAS.449.4204L},
  Archiveprefix            = {arXiv},
  Bdsk-url-1               = {http://dx.doi.org/10.1093/mnras/stv516},
  Date-added               = {2015-09-22 21:31:44 +0000},
  Date-modified            = {2016-08-01 02:57:59 +0000},
  Doi                      = {10.1093/mnras/stv516},
  Eprint                   = {1503.02075},
  Keywords                 = {accretion, accretion discs, galaxies: active, quasars: general},
  Owner                    = {xavier},
  Timestamp                = {2017.09.04}
}

@Article{mj90,
  Title                    = {{The Lyman continuum opacity at high redshifts - Through the Lyman forest and beyond the Lyman valley}},
  Author                   = {{M{\o}ller}, P. and {Jakobsen}, P.},
  Journal                  = {\aap},
  Year                     = {1990},

  Month                    = feb,
  Pages                    = {299-309},
  Volume                   = {228},

  Adsnote                  = {Provided by the SAO/NASA Astrophysics Data System},
  Adsurl                   = {http://adsabs.harvard.edu/abs/1990A%26A...228..299M},
  Keywords                 = {Continuous Spectra, Lyman Spectra, Quasars, Red Shift, Spectrum Analysis, Big Bang Cosmology, H I Regions, Helium, Intergalactic Media, Lyman Alpha Radiation, Monte Carlo Method},
  Owner                    = {xavier},
  Timestamp                = {2017.09.04}
}

@Article{mad95,
  Title                    = {Radiative transfer in a clumpy universe: The colors of high-redshift galaxies},
  Author                   = {{Madau}, P.},
  Journal                  = {\apj},
  Year                     = {1995},
  Pages                    = {18--27},
  Volume                   = {441},

  Adsnote                  = {Provided by the NASA Astrophysics Data System},
  Bdsk-url-1               = {http},
  Date-added               = {2007-06-30 17:37:02 -0700},
  Date-modified            = {2007-06-30 17:37:28 -0700},
  Keywords                 = {grb},
  Owner                    = {xavier},
  Timestamp                = {2017.09.04},
  Url                      = {http}
}

@Article{madau15,
  Title                    = {{Cosmic Reionization after Planck: Could Quasars Do It All?}},
  Author                   = {{Madau}, P. and {Haardt}, F.},
  Journal                  = {\apjl},
  Year                     = {2015},

  Month                    = nov,
  Pages                    = {L8},
  Volume                   = {813},

  Adsnote                  = {Provided by the SAO/NASA Astrophysics Data System},
  Adsurl                   = {http://adsabs.harvard.edu/abs/2015ApJ...813L...8M},
  Archiveprefix            = {arXiv},
  Doi                      = {10.1088/2041-8205/813/1/L8},
  Eid                      = {L8},
  Eprint                   = {1507.07678},
  Keywords                 = {cosmology: theory, dark ages, reionization, first stars, diffuse radiation, galaxies: active, intergalactic medium},
  Owner                    = {xavier},
  Timestamp                = {2017.09.04}
}

@Article{mhr99,
  Title                    = {{Radiative Transfer in a Clumpy Universe. III. The Nature of Cosmological Ionizing Sources}},
  Author                   = {{Madau}, P. and {Haardt}, F. and {Rees}, M.~J.},
  Journal                  = {\apj},
  Year                     = {1999},

  Month                    = apr,
  Pages                    = {648-659},
  Volume                   = {514},

  Adsnote                  = {Provided by the SAO/NASA Astrophysics Data System},
  Adsurl                   = {http://adsabs.harvard.edu/abs/1999ApJ...514..648M},
  Bdsk-url-1               = {http://dx.doi.org/10.1086/306975},
  Date-added               = {2009-08-16 10:01:29 -0700},
  Date-modified            = {2009-08-16 10:01:33 -0700},
  Doi                      = {10.1086/306975},
  Eprint                   = {arXiv:astro-ph/9809058},
  Keywords                 = {COSMOLOGY: DIFFUSE RADIATION, GALAXIES: INTERGALACTIC MEDIUM, RADIATIVE TRANSFER},
  Owner                    = {xavier},
  Timestamp                = {2017.09.09}
}

@Article{mcquinn16,
  Title                    = {{The Evolution of the Intergalactic Medium}},
  Author                   = {{McQuinn}, M.},
  Journal                  = {\araa},
  Year                     = {2016},

  Month                    = sep,
  Pages                    = {313-362},
  Volume                   = {54},

  Adsnote                  = {Provided by the SAO/NASA Astrophysics Data System},
  Adsurl                   = {http://adsabs.harvard.edu/abs/2016ARA%26A..54..313M},
  Archiveprefix            = {arXiv},
  Doi                      = {10.1146/annurev-astro-082214-122355},
  Eprint                   = {1512.00086},
  Owner                    = {xavier},
  Timestamp                = {2017.09.04}
}

@Article{meiksin09,
  Title                    = {{The physics of the intergalactic medium}},
  Author                   = {{Meiksin}, A.~A.},
  Journal                  = {Reviews of Modern Physics},
  Year                     = {2009},

  Month                    = oct,
  Pages                    = {1405-1469},
  Volume                   = {81},

  Adsnote                  = {Provided by the SAO/NASA Astrophysics Data System},
  Adsurl                   = {http://adsabs.harvard.edu/abs/2009RvMP...81.1405M},
  Archiveprefix            = {arXiv},
  Bdsk-url-1               = {http://dx.doi.org/10.1103/RevModPhys.81.1405},
  Date-added               = {2011-08-10 10:03:19 +0200},
  Date-modified            = {2011-08-10 10:03:26 +0200},
  Doi                      = {10.1103/RevModPhys.81.1405},
  Eprint                   = {0711.3358},
  Keywords                 = {Atomic processes and interactions, Dark matter, Intergalactic matter; quasar absorption and emission-line systems; Lyman forest, Cosmology},
  Owner                    = {xavier},
  Timestamp                = {2017.09.04}
}

@Article{mm93,
  Title                    = {{On the photoionization of the intergalactic medium by quasars at high redshift}},
  Author                   = {{Meiksin}, A. and {Madau}, P.},
  Journal                  = {\apj},
  Year                     = {1993},

  Month                    = jul,
  Pages                    = {34-55},
  Volume                   = {412},

  Adsnote                  = {Provided by the SAO/NASA Astrophysics Data System},
  Adsurl                   = {http://adsabs.harvard.edu/abs/1993ApJ...412...34M},
  Bdsk-url-1               = {http://dx.doi.org/10.1086/172898},
  Date-added               = {2009-08-13 10:46:55 -0700},
  Date-modified            = {2009-08-13 10:46:58 -0700},
  Doi                      = {10.1086/172898},
  Keywords                 = {INTERGALACTIC MEDIA, PHOTOIONIZATION, QUASARS, RED SHIFT, ASTRONOMICAL MODELS, COMPUTATIONAL ASTROPHYSICS, H II REGIONS, ULTRAVIOLET RADIATION},
  Owner                    = {xavier},
  Timestamp                = {2017.09.09}
}

@Article{mco+96,
  Title                    = {{The Ly alpha Forest from Gravitational Collapse in the Cold Dark Matter + Lambda Model}},
  Author                   = {{Miralda-Escud{\'e}}, J. and {Cen}, R. and {Ostriker}, J.~P. and {Rauch}, M.},
  Journal                  = {\apj},
  Year                     = {1996},

  Month                    = nov,
  Pages                    = {582-+},
  Volume                   = {471},

  Adsnote                  = {Provided by the SAO/NASA Astrophysics Data System},
  Adsurl                   = {http://adsabs.harvard.edu/abs/1996ApJ...471..582M},
  Bdsk-url-1               = {http://dx.doi.org/10.1086/177992},
  Bdsk-url-2               = {http://dx.doi.org/10.1086/177992},
  Bdsk-url-3               = {http://dx.doi.org/10.1086/177992},
  Date-added               = {2008-03-26 16:47:41 -0700},
  Date-modified            = {2008-03-26 16:47:47 -0700},
  Doi                      = {10.1086/177992},
  Eprint                   = {arXiv:astro-ph/9511013},
  Keywords                 = {QAL},
  Owner                    = {xavier},
  Timestamp                = {2017.09.04}
}

@Article{miralda00,
  Title                    = {{Reionization of the Inhomogeneous Universe}},
  Author                   = {{Miralda-Escud{\'e}}, J. and {Haehnelt}, M. and {Rees}, M.~J. },
  Journal                  = {\apj},
  Year                     = {2000},

  Month                    = feb,
  Pages                    = {1-16},
  Volume                   = {530},

  Adsnote                  = {Provided by the SAO/NASA Astrophysics Data System},
  Adsurl                   = {http://adsabs.harvard.edu/abs/2000ApJ...530....1M},
  Doi                      = {10.1086/308330},
  Eprint                   = {astro-ph/9812306},
  Keywords                 = {COSMOLOGY: THEORY, GALAXIES: INTERGALACTIC MEDIUM, COSMOLOGY: LARGE-SCALE STRUCTURE OF UNIVERSE, GALAXIES: QUASARS: ABSORPTION LINES},
  Owner                    = {xavier},
  Timestamp                = {2017.09.04}
}

@Article{nsk+13,
  Title                    = {{A Refined Estimate of the Ionizing Emissivity from Galaxies at z \~{}= 3: Spectroscopic Follow-up in the SSA22a Field}},
  Author                   = {{Nestor}, D.~B. and {Shapley}, A.~E. and {Kornei}, K.~A. and {Steidel}, C.~C. and {Siana}, B.},
  Journal                  = {\apj},
  Year                     = {2013},

  Month                    = mar,
  Pages                    = {47},
  Volume                   = {765},

  Adsnote                  = {Provided by the SAO/NASA Astrophysics Data System},
  Adsurl                   = {http://adsabs.harvard.edu/abs/2013ApJ...765...47N},
  Archiveprefix            = {arXiv},
  Bdsk-url-1               = {http://dx.doi.org/10.1088/0004-637X/765/1/47},
  Date-added               = {2013-09-24 15:24:38 +0000},
  Date-modified            = {2013-09-24 15:24:41 +0000},
  Doi                      = {10.1088/0004-637X/765/1/47},
  Eid                      = {47},
  Eprint                   = {1210.2393},
  Keywords                 = {cosmology: observations, diffuse radiation, galaxies: high-redshift, intergalactic medium},
  Owner                    = {xavier},
  Primaryclass             = {astro-ph.CO},
  Timestamp                = {2017.09.04}
}

@Article{noterdaeme+12,
  Title                    = {{Column density distribution and cosmological mass density of neutral gas: Sloan Digital Sky Survey-III Data Release 9}},
  Author                   = {{Noterdaeme}, P. and {Petitjean}, P. and {Carithers}, W.~C. and {P{\^a}ris}, I. and {Font-Ribera}, A. and {Bailey}, S. and {Aubourg}, E. and {Bizyaev}, D. and {Ebelke}, G. and {Finley}, H. and {Ge}, J. and {Malanushenko}, E. and {Malanushenko}, V. and {Miralda-Escud{\'e}}, J. and {Myers}, A.~D. and {Oravetz}, D. and {Pan}, K. and {Pieri}, M.~M. and {Ross}, N.~P. and {Schneider}, D.~P. and {Simmons}, A. and {York}, D.~G.},
  Journal                  = {\aap},
  Year                     = {2012},

  Month                    = nov,
  Pages                    = {L1},
  Volume                   = {547},

  Adsnote                  = {Provided by the SAO/NASA Astrophysics Data System},
  Adsurl                   = {http://adsabs.harvard.edu/abs/2012A%26A...547L...1N},
  Archiveprefix            = {arXiv},
  Bdsk-url-1               = {http://dx.doi.org/10.1051/0004-6361/201220259},
  Date-added               = {2013-03-25 16:58:02 +0000},
  Date-modified            = {2013-03-25 16:58:08 +0000},
  Doi                      = {10.1051/0004-6361/201220259},
  Eid                      = {L1},
  Eprint                   = {1210.1213},
  Keywords                 = {cosmology: observations, quasars: absorption lines, galaxies: evolution},
  Owner                    = {xavier},
  Primaryclass             = {astro-ph.CO},
  Timestamp                = {2017.09.04}
}

@Article{kodiaq_dr1,
  Title                    = {{The First Data Release of the KODIAQ Survey}},
  Author                   = {{O'Meara}, J.~M. and {Lehner}, N. and {Howk}, J.~C. and {Prochaska}, J.~X. and {Fox}, A.~J. and {Swain}, M.~A. and {Gelino}, C.~R. and {Berriman}, G.~B. and {Tran}, H.},
  Journal                  = {\aj},
  Year                     = {2015},

  Month                    = oct,
  Pages                    = {111},
  Volume                   = {150},

  Adsnote                  = {Provided by the SAO/NASA Astrophysics Data System},
  Adsurl                   = {http://adsabs.harvard.edu/abs/2015AJ....150..111O},
  Archiveprefix            = {arXiv},
  Bdsk-url-1               = {http://dx.doi.org/10.1088/0004-6256/150/4/111},
  Date-added               = {2015-11-03 19:10:10 +0000},
  Date-modified            = {2016-07-30 16:24:54 +0000},
  Doi                      = {10.1088/0004-6256/150/4/111},
  Eid                      = {111},
  Eprint                   = {1505.03529},
  Keywords                 = {catalogs, intergalactic medium, quasars: absorption lines, quasars: general, surveys},
  Owner                    = {xavier},
  Timestamp                = {2017.09.04}
}

@Article{omeara13,
  Title                    = {{The HST/ACS+WFC3 Survey for Lyman Limit Systems. II. Science}},
  Author                   = {{O'Meara}, J.~M. and {Prochaska}, J.~X. and {Worseck}, G. and {Chen}, H.-W. and {Madau}, P.},
  Journal                  = {\apj},
  Year                     = {2013},

  Month                    = mar,
  Pages                    = {137},
  Volume                   = {765},

  Adsnote                  = {Provided by the SAO/NASA Astrophysics Data System},
  Adsurl                   = {http://adsabs.harvard.edu/abs/2013ApJ...765..137O},
  Archiveprefix            = {arXiv},
  Bdsk-url-1               = {http://dx.doi.org/10.1088/0004-637X/765/2/137},
  Date-added               = {2013-03-26 17:25:46 +0000},
  Date-modified            = {2013-03-26 17:25:50 +0000},
  Doi                      = {10.1088/0004-637X/765/2/137},
  Eid                      = {137},
  Eprint                   = {1204.3093},
  Keywords                 = {cosmology: observations, intergalactic medium, quasars: absorption lines, quasars: general, surveys, ultraviolet: general},
  Owner                    = {xavier},
  Primaryclass             = {astro-ph.CO},
  Timestamp                = {2017.09.04}
}

@Article{oc81,
  Title                    = {{Galaxy formation in an intergalactic medium dominated by explosions}},
  Author                   = {{Ostriker}, J.~P. and {Cowie}, L.~L.},
  Journal                  = {\apjl},
  Year                     = {1981},

  Month                    = feb,
  Pages                    = {L127-L131},
  Volume                   = {243},

  Adsnote                  = {Provided by the SAO/NASA Astrophysics Data System},
  Adsurl                   = {http://adsabs.harvard.edu/abs/1981ApJ...243L.127O},
  Doi                      = {10.1086/183458},
  Keywords                 = {Cosmology, Explosions, Galactic Evolution, Intergalactic Media, Stellar Systems, Black Holes (Astronomy), Cosmic Gases, Flow Stability, High Temperature Gases, Interstellar Gas, Luminous Intensity, Red Shift},
  Owner                    = {xavier},
  Timestamp                = {2017.09.04}
}

@Article{oh84,
  Title                    = {{Are cosmologically distant objects obscured by dust? - A test using quasars}},
  Author                   = {{Ostriker}, J.~P. and {Heisler}, J.},
  Journal                  = {\apj},
  Year                     = {1984},

  Month                    = mar,
  Pages                    = {1-10},
  Volume                   = {278},

  Adsnote                  = {Provided by the Smithsonian/NASA Astrophysics Data System},
  Adsurl                   = {http://adsabs.harvard.edu/cgi-bin/nph-bib_query?bibcode=1984ApJ...278....1O&db_key=AST},
  Bdsk-url-1               = {http://dx.doi.org/10.1086/161762},
  Bdsk-url-2               = {http://dx.doi.org/10.1086/161762},
  Bdsk-url-3               = {http://dx.doi.org/10.1086/161762},
  Date-added               = {2007-06-30 17:41:28 -0700},
  Date-modified            = {2007-06-30 17:41:33 -0700},
  Doi                      = {10.1086/161762},
  Keywords                 = {QAL},
  Owner                    = {xavier},
  Timestamp                = {2017.09.04}
}

@Article{oi83,
  Title                    = {{Physical properties of the intergalactic medium and the Lyman-alpha absorbing clouds}},
  Author                   = {{Ostriker}, J.~P. and {Ikeuchi}, S.},
  Journal                  = {\apjl},
  Year                     = {1983},

  Month                    = may,
  Pages                    = {L63-L68},
  Volume                   = {268},

  Adsnote                  = {Provided by the SAO/NASA Astrophysics Data System},
  Adsurl                   = {http://adsabs.harvard.edu/abs/1983ApJ...268L..63O},
  Doi                      = {10.1086/184030},
  Keywords                 = {Cosmology, Intergalactic Media, Lyman Alpha Radiation, Quasars, Astronomical Models, Doppler Effect, Line Spectra, Physical Properties, Shock Heating},
  Owner                    = {xavier},
  Timestamp                = {2017.09.04}
}

@Article{paris11,
  Title                    = {{A principal component analysis of quasar UV spectra at z \~{} 3}},
  Author                   = {{P{\^a}ris}, I. and {Petitjean}, P. and {Rollinde}, E. and {Aubourg}, E. and {Busca}, N. and {Charlassier}, R. and {Delubac}, T. and {Hamilton}, J.-C. and {Le Goff}, J.-M. and {Palanque-Delabrouille}, N. and {Peirani}, S. and {Pichon}, C. and {Rich}, J. and {Vargas-Maga{\~n}a}, M. and {Y{\`e}che}, C.},
  Journal                  = {\aap},
  Year                     = {2011},

  Month                    = jun,
  Pages                    = {A50},
  Volume                   = {530},

  Adsnote                  = {Provided by the SAO/NASA Astrophysics Data System},
  Adsurl                   = {http://adsabs.harvard.edu/abs/2011A%26A...530A..50P},
  Archiveprefix            = {arXiv},
  Doi                      = {10.1051/0004-6361/201016233},
  Eid                      = {A50},
  Eprint                   = {1104.2024},
  Keywords                 = {methods: numerical, intergalactic medium, quasars: absorption lines, quasars: emission lines},
  Owner                    = {xavier},
  Timestamp                = {2017.09.04}
}

@Article{pss00,
  Title                    = {{The Local Ly{$\alpha$} Forest. II. Distribution of H I Absorbers,Doppler Widths, and Baryon Content}},
  Author                   = {{Penton}, S.~V. and {Shull}, J.~M. and {Stocke}, J.~T.},
  Journal                  = {\apj},
  Year                     = {2000},

  Month                    = nov,
  Pages                    = {150-175},
  Volume                   = {544},

  Adsnote                  = {Provided by the Smithsonian/NASA Astrophysics Data System},
  Adsurl                   = {http://adsabs.harvard.edu/cgi-bin/nph-bib_query?bibcode=2000ApJ...544..150P&db_key=AST},
  Bdsk-url-1               = {http://dx.doi.org/10.1086/317179},
  Bdsk-url-2               = {http://dx.doi.org/10.1086/317179},
  Bdsk-url-3               = {http://dx.doi.org/10.1086/317179},
  Date-added               = {2007-06-30 17:40:38 -0700},
  Date-modified            = {2012-07-10 00:03:22 -0700},
  Doi                      = {10.1086/317179},
  Eprint                   = {astro-ph/9911128},
  Keywords                 = {OVI},
  Owner                    = {xavier},
  Timestamp                = {2017.09.04}
}

@Article{petit93,
  Title                    = {{Evidence for structure in the H I column density distribution of QSO absorbers}},
  Author                   = {{Petitjean}, P. and {Webb}, J.~K. and {Rauch}, M. and {Carswell}, R.~F. and {Lanzetta}, K.},
  Journal                  = {\mnras},
  Year                     = {1993},

  Month                    = may,
  Pages                    = {499-505},
  Volume                   = {262},

  Adsnote                  = {Provided by the Smithsonian/NASA Astrophysics Data System},
  Adsurl                   = {http://adsabs.harvard.edu/cgi-bin/nph-bib_query?bibcode=1993MNRAS.262..499P&db_key=AST},
  Date-added               = {2007-06-30 17:41:28 -0700},
  Date-modified            = {2007-06-30 17:41:33 -0700},
  Keywords                 = {QAL},
  Owner                    = {xavier},
  Timestamp                = {2017.09.04}
}

@Article{press93,
  Title                    = {{Properties of high-redshift Lyman-alpha clouds. I - Statistical analysis of the Schneider-Schmidt-Gunn quasars}},
  Author                   = {{Press}, W.~H. and {Rybicki}, G.~B. and {Schneider}, D.~P.},
  Journal                  = {\apj},
  Year                     = {1993},

  Month                    = sep,
  Pages                    = {64-81},
  Volume                   = {414},

  Adsnote                  = {Provided by the SAO/NASA Astrophysics Data System},
  Adsurl                   = {http://adsabs.harvard.edu/abs/1993ApJ...414...64P},
  Doi                      = {10.1086/173057},
  Eprint                   = {astro-ph/9303016},
  Keywords                 = {Clouds, Intergalactic Media, Lyman Alpha Radiation, Quasars, Red Shift, Statistical Analysis, Absorption Spectra, Line Of Sight, Line Spectra, Stochastic Processes},
  Owner                    = {xavier},
  Timestamp                = {2017.09.04}
}

@Article{qpq6,
  Title                    = {{Quasars Probing Quasars. VI. Excess H I Absorption within One Proper Mpc of z \~{} 2 Quasars}},
  Author                   = {{Prochaska}, J.~X. and {Hennawi}, J.~F. and {Lee}, K.-G. and {Cantalupo}, S. and {Bovy}, J. and {Djorgovski}, S.~G. and {Ellison}, S.~L. and {Wingyee Lau}, M. and {Martin}, C.~L. and {Myers}, A. and {Rubin}, K.~H.~R. and {Simcoe}, R.~A.},
  Journal                  = {\apj},
  Year                     = {2013},

  Month                    = oct,
  Pages                    = {136},
  Volume                   = {776},

  Adsnote                  = {Provided by the SAO/NASA Astrophysics Data System},
  Adsurl                   = {http://adsabs.harvard.edu/abs/2013ApJ...776..136P},
  Archiveprefix            = {arXiv},
  Bdsk-url-1               = {http://dx.doi.org/10.1088/0004-637X/776/2/136},
  Date-added               = {2013-12-03 17:58:23 +0000},
  Date-modified            = {2013-12-03 17:58:26 +0000},
  Doi                      = {10.1088/0004-637X/776/2/136},
  Eid                      = {136},
  Eprint                   = {1308.6222},
  Keywords                 = {galaxies: halos, quasars: absorption lines},
  Owner                    = {xavier},
  Primaryclass             = {astro-ph.CO},
  Timestamp                = {2017.09.04}
}

@Article{QPQ5,
  Title                    = {{A Substantial Mass of Cool, Metal-enriched Gas Surrounding the Progenitors of Modern-day Ellipticals}},
  Author                   = {{Prochaska}, J.~X. and {Hennawi}, J.~F. and {Simcoe}, R.~A.},
  Journal                  = {\apjl},
  Year                     = {2013},

  Month                    = jan,
  Pages                    = {L19 (QPQ5)},
  Volume                   = {762},

  Adsnote                  = {Provided by the SAO/NASA Astrophysics Data System},
  Adsurl                   = {http://adsabs.harvard.edu/abs/2013ApJ...762L..19P},
  Archiveprefix            = {arXiv},
  Bdsk-url-1               = {http://dx.doi.org/10.1088/2041-8205/762/2/L19},
  Date-added               = {2013-03-12 01:37:20 +0000},
  Date-modified            = {2013-05-29 16:58:28 +0000},
  Doi                      = {10.1088/2041-8205/762/2/L19},
  Eid                      = {L19},
  Eprint                   = {1211.6131},
  Keywords                 = {galaxies: halos, quasars: absorption lines},
  Owner                    = {xavier},
  Primaryclass             = {astro-ph.CO},
  Timestamp                = {2017.09.04}
}

@Article{phw05,
  Title                    = {{The SDSS Damped Ly{$\alpha$} Survey: Data Release 3}},
  Author                   = {{Prochaska}, J.~X. and {Herbert-Fort}, S. and {Wolfe}, A.~M.},
  Journal                  = {\apj},
  Year                     = {2005},

  Month                    = dec,
  Pages                    = {123-142},
  Volume                   = {635},

  Adsnote                  = {Provided by the Smithsonian/NASA Astrophysics Data System},
  Adsurl                   = {http://adsabs.harvard.edu/cgi-bin/nph-bib_query?bibcode=2005ApJ...635..123P&db_key=AST},
  Bdsk-url-1               = {http://dx.doi.org/10.1086/497287},
  Bdsk-url-2               = {http://dx.doi.org/10.1086/497287},
  Bdsk-url-3               = {http://dx.doi.org/10.1086/497287},
  Date-added               = {2007-06-30 17:41:28 -0700},
  Date-modified            = {2007-06-30 17:41:34 -0700},
  Doi                      = {10.1086/497287},
  Keywords                 = {QAL},
  Owner                    = {xavier},
  Timestamp                = {2017.09.04}
}

@Article{pro+14,
  Title                    = {{Towards a unified description of the intergalactic medium at redshift z {$\sim$} 2.5}},
  Author                   = {{Prochaska}, J.~X. and {Madau}, P. and {O'Meara}, J.~M. and {Fumagalli}, M.},
  Journal                  = {\mnras},
  Year                     = {2014},

  Month                    = feb,
  Pages                    = {476-486},
  Volume                   = {438},

  Adsnote                  = {Provided by the SAO/NASA Astrophysics Data System},
  Adsurl                   = {http://adsabs.harvard.edu/abs/2014MNRAS.438..476P},
  Archiveprefix            = {arXiv},
  Bdsk-url-1               = {http://dx.doi.org/10.1093/mnras/stt2218},
  Date-added               = {2014-11-22 21:28:30 +0000},
  Date-modified            = {2014-11-22 21:39:20 +0000},
  Doi                      = {10.1093/mnras/stt2218},
  Eprint                   = {1310.0052},
  Keywords                 = {intergalactic medium},
  Owner                    = {xavier},
  Primaryclass             = {astro-ph.CO},
  Timestamp                = {2017.09.04}
}

@Article{pow10,
  Title                    = {{A Definitive Survey for Lyman Limit Systems at z \~{} 3.5 with the Sloan Digital Sky Survey}},
  Author                   = {{Prochaska}, J.~X. and {O'Meara}, J.~M. and {Worseck}, G.},
  Journal                  = {\apj},
  Year                     = {2010},

  Month                    = jul,
  Pages                    = {392-416},
  Volume                   = {718},

  Adsnote                  = {Provided by the SAO/NASA Astrophysics Data System},
  Adsurl                   = {http://adsabs.harvard.edu/abs/2010ApJ...718..392P},
  Archiveprefix            = {arXiv},
  Bdsk-url-1               = {http://dx.doi.org/10.1088/0004-637X/718/1/392},
  Date-added               = {2010-07-19 07:44:02 -0700},
  Date-modified            = {2010-07-19 07:44:06 -0700},
  Doi                      = {10.1088/0004-637X/718/1/392},
  Eprint                   = {0912.0292},
  Keywords                 = {diffuse radiation, intergalactic medium},
  Owner                    = {xavier},
  Timestamp                = {2017.09.04}
}

@Article{p+17,
  Title                    = {{The COS-Halos Survey: Metallicities in the Low-redshift Circumgalactic Medium}},
  Author                   = {{Prochaska}, J.~X. and {Werk}, J.~K. and {Worseck}, G. and {Tripp}, T.~M. and {Tumlinson}, J. and {Burchett}, J.~N. and {Fox}, A.~J. and {Fumagalli}, M. and {Lehner}, N. and {Peeples}, M.~S. and {Tejos}, N.},
  Journal                  = {\apj},
  Year                     = {2017},

  Month                    = mar,
  Pages                    = {169},
  Volume                   = {837},

  Adsnote                  = {Provided by the SAO/NASA Astrophysics Data System},
  Adsurl                   = {http://adsabs.harvard.edu/abs/2017ApJ...837..169P},
  Archiveprefix            = {arXiv},
  Doi                      = {10.3847/1538-4357/aa6007},
  Eid                      = {169},
  Eprint                   = {1702.02618},
  Keywords                 = {galaxies: halos},
  Owner                    = {xavier},
  Timestamp                = {2017.05.18}
}

@Article{pw09,
  Title                    = {{On the (Non)Evolution of H I Gas in Galaxies Over Cosmic Time}},
  Author                   = {{Prochaska}, J.~X. and {Wolfe}, A.~M.},
  Journal                  = {\apj},
  Year                     = {2009},

  Month                    = may,
  Pages                    = {1543-1547},
  Volume                   = {696},

  Adsnote                  = {Provided by the SAO/NASA Astrophysics Data System},
  Adsurl                   = {http://adsabs.harvard.edu/abs/2009ApJ...696.1543P},
  Archiveprefix            = {arXiv},
  Bdsk-url-1               = {http://dx.doi.org/10.1088/0004-637X/696/2/1543},
  Date-added               = {2009-08-19 09:51:33 -0700},
  Date-modified            = {2009-08-19 09:51:35 -0700},
  Doi                      = {10.1088/0004-637X/696/2/1543},
  Eprint                   = {0811.2003},
  Keywords                 = {galaxies: evolution, intergalactic medium, quasars: absorption lines},
  Owner                    = {xavier},
  Timestamp                = {2017.09.04}
}

@Article{pwo09,
  Title                    = {{A Direct Measurement of the Intergalactic Medium Opacity to H I Ionizing Photons}},
  Author                   = {{Prochaska}, J.~X. and {Worseck}, G. and {O'Meara}, J.~M.},
  Journal                  = {\apjl},
  Year                     = {2009},

  Month                    = nov,
  Pages                    = {L113-L117},
  Volume                   = {705},

  Adsnote                  = {Provided by the SAO/NASA Astrophysics Data System},
  Adsurl                   = {http://adsabs.harvard.edu/abs/2009ApJ...705L.113P},
  Archiveprefix            = {arXiv},
  Bdsk-url-1               = {http://dx.doi.org/10.1088/0004-637X/705/2/L113},
  Date-added               = {2009-11-10 17:07:56 -0800},
  Date-modified            = {2009-11-10 17:08:00 -0800},
  Doi                      = {10.1088/0004-637X/705/2/L113},
  Eprint                   = {0910.0009},
  Keywords                 = {intergalactic medium, large-scale structure of universe, quasars: absorption lines},
  Owner                    = {xavier},
  Timestamp                = {2017.09.04}
}

@Article{ribaudo11,
  Title                    = {{A Hubble Space Telescope Study of Lyman Limit Systems: Census and Evolution}},
  Author                   = {{Ribaudo}, J. and {Lehner}, N. and {Howk}, J.~C.},
  Journal                  = {\apj},
  Year                     = {2011},

  Month                    = jul,
  Pages                    = {42-+},
  Volume                   = {736},

  Adsnote                  = {Provided by the SAO/NASA Astrophysics Data System},
  Adsurl                   = {http://adsabs.harvard.edu/abs/2011ApJ...736...42R},
  Archiveprefix            = {arXiv},
  Bdsk-url-1               = {http://dx.doi.org/10.1088/0004-637X/736/1/42},
  Date-added               = {2011-08-10 10:10:16 +0200},
  Date-modified            = {2011-08-10 10:10:20 +0200},
  Doi                      = {10.1088/0004-637X/736/1/42},
  Eprint                   = {1105.0659},
  Keywords                 = {intergalactic medium, quasars: absorption lines},
  Owner                    = {xavier},
  Primaryclass             = {astro-ph.CO},
  Timestamp                = {2017.09.09}
}

@Article{RichardsSED06,
  Title                    = {{Spectral Energy Distributions and Multiwavelength Selection of Type 1 Quasars}},
  Author                   = {{Richards}, G.~T. and {Lacy}, M. and {Storrie-Lombardi}, L.~J. and {Hall}, P.~B. and {Gallagher}, S.~C. and {Hines}, D.~C. and {Fan}, X. and {Papovich}, C. and {Vanden Berk}, D.~E. and {Trammell}, G.~B. and {Schneider}, D.~P. and {Vestergaard}, M. and {York}, D.~G. and {Jester}, S. and {Anderson}, S.~F. and {Budav{\'a}ri}, T. and {Szalay}, A.~S.},
  Journal                  = {\apjs},
  Year                     = {2006},

  Month                    = oct,
  Pages                    = {470-497},
  Volume                   = {166},

  Adsnote                  = {Provided by the SAO/NASA Astrophysics Data System},
  Adsurl                   = {http://adsabs.harvard.edu/abs/2006ApJS..166..470R},
  Bdsk-url-1               = {http://dx.doi.org/10.1086/506525},
  Date-added               = {2009-11-10 16:43:51 -0800},
  Date-modified            = {2009-11-10 16:43:51 -0800},
  Doi                      = {10.1086/506525},
  Eprint                   = {arXiv:astro-ph/0601558},
  Keywords                 = {Catalogs, Galaxies: Active, Infrared: Galaxies, Galaxies: Quasars: General, Radio Continuum: Galaxies, Surveys, Ultraviolet: Galaxies, X-Rays: Galaxies},
  Owner                    = {xavier},
  Timestamp                = {2017.09.04}
}

@Article{robertson13,
  Title                    = {{Quantifying Resolving Power in Astronomical Spectra}},
  Author                   = {{Robertson}, J.~G.},
  Journal                  = {\pasa},
  Year                     = {2013},

  Month                    = sep,
  Pages                    = {e048},
  Volume                   = {30},

  Adsnote                  = {Provided by the SAO/NASA Astrophysics Data System},
  Adsurl                   = {http://adsabs.harvard.edu/abs/2013PASA...30...48R},
  Archiveprefix            = {arXiv},
  Doi                      = {10.1017/pasa.2013.26},
  Eid                      = {e048},
  Eprint                   = {1308.0871},
  Keywords                 = {instrumentation: spectrographs, methods: data analysis, techniques: spectroscopic},
  Owner                    = {xavier},
  Primaryclass             = {astro-ph.IM},
  Timestamp                = {2017.09.04}
}

@Article{rudie13,
  Title                    = {{The Column Density Distribution and Continuum Opacity of the Intergalactic and Circumgalactic Medium at Redshift langzrang = 2.4}},
  Author                   = {{Rudie}, G.~C. and {Steidel}, C.~C. and {Shapley}, A.~E. and {Pettini}, M.},
  Journal                  = {\apj},
  Year                     = {2013},

  Month                    = jun,
  Pages                    = {146},
  Volume                   = {769},

  Adsnote                  = {Provided by the SAO/NASA Astrophysics Data System},
  Adsurl                   = {http://adsabs.harvard.edu/abs/2013ApJ...769..146R},
  Archiveprefix            = {arXiv},
  Bdsk-url-1               = {http://dx.doi.org/10.1088/0004-637X/769/2/146},
  Date-added               = {2013-09-17 16:42:00 +0000},
  Date-modified            = {2013-09-17 16:42:04 +0000},
  Doi                      = {10.1088/0004-637X/769/2/146},
  Eid                      = {146},
  Eprint                   = {1304.6719},
  Keywords                 = {intergalactic medium, quasars: absorption lines},
  Owner                    = {xavier},
  Primaryclass             = {astro-ph.CO},
  Timestamp                = {2017.09.04}
}

@Article{ssb,
  Title                    = {{A survey of Lyman-limit absorption in the spectra of 59 high-redshift QSOs}},
  Author                   = {{Sargent}, W.~L.~W. and {Steidel}, C.~C. and {Boksenberg}, A.},
  Journal                  = {\apjs},
  Year                     = {1989},

  Month                    = apr,
  Pages                    = {703-761},
  Volume                   = {69},

  Adsnote                  = {Provided by the Smithsonian/NASA Astrophysics Data System},
  Adsurl                   = {http://adsabs.harvard.edu/cgi-bin/nph-bib_query?bibcode=1989ApJS...69..703S&db_key=AST},
  Bdsk-url-1               = {http://dx.doi.org/10.1086/191326},
  Bdsk-url-2               = {http://dx.doi.org/10.1086/191326},
  Bdsk-url-3               = {http://dx.doi.org/10.1086/191326},
  Date-added               = {2007-06-30 17:41:28 -0700},
  Date-modified            = {2007-06-30 17:41:35 -0700},
  Doi                      = {10.1086/191326},
  Keywords                 = {QAL},
  Owner                    = {xavier},
  Timestamp                = {2017.09.09}
}

@Article{sargent80,
  Title                    = {{The distribution of Lyman-alpha absorption lines in the spectra of six QSOs - Evidence for an intergalactic origin}},
  Author                   = {{Sargent}, W.~L.~W. and {Young}, P.~J. and {Boksenberg}, A. and {Tytler}, D.},
  Journal                  = {\apjs},
  Year                     = {1980},

  Month                    = jan,
  Pages                    = {41-81},
  Volume                   = {42},

  Adsnote                  = {Provided by the SAO/NASA Astrophysics Data System},
  Adsurl                   = {http://adsabs.harvard.edu/abs/1980ApJS...42...41S},
  Bdsk-url-1               = {http://dx.doi.org/10.1086/190644},
  Date-added               = {2016-09-21 13:21:15 +0000},
  Date-modified            = {2016-09-21 13:21:21 +0000},
  Doi                      = {10.1086/190644},
  Keywords                 = {Absorption Spectra, Galactic Evolution, Intergalactic Media, Lyman Spectra, Quasars, Astronomical Coordinates, Cosmology, Line Spectra, Red Shift, Tables (Data)},
  Owner                    = {xavier},
  Timestamp                = {2017.09.04}
}

@Article{schmidt63,
  Title                    = {{3C 273: a star-like object with large red-shift.}},
  Author                   = {{Schmidt}, M.},
  Journal                  = {\nat},
  Year                     = {1963},
  Pages                    = {1040-1040},
  Volume                   = {197},

  Adsnote                  = {Provided by the Smithsonian/NASA Astrophysics Data System},
  Adsurl                   = {http://adsabs.harvard.edu/cgi-bin/nph-bib_query?bibcode=1963Natur.197.1040S&db_key=AST},
  Date-added               = {2007-06-30 17:41:28 -0700},
  Date-modified            = {2007-06-30 17:41:35 -0700},
  Keywords                 = {QAL},
  Owner                    = {xavier},
  Timestamp                = {2017.09.04}
}

@Article{songaila02,
  Title                    = {{Approaching Reionization: The Evolution of the Ly {$\alpha$} Forest from z=4 to z=6}},
  Author                   = {{Songaila}, A. and {Cowie}, L.~L.},
  Journal                  = {\aj},
  Year                     = {2002},

  Month                    = may,
  Pages                    = {2183-2196},
  Volume                   = {123},

  Adsnote                  = {Provided by the Smithsonian/NASA Astrophysics Data System},
  Adsurl                   = {http://adsabs.harvard.edu/cgi-bin/nph-bib_query?bibcode=2002AJ....123.2183S&db_key=AST},
  Bdsk-url-1               = {http://dx.doi.org/10.1086/340079},
  Bdsk-url-2               = {http://dx.doi.org/10.1086/340079},
  Bdsk-url-3               = {http://dx.doi.org/10.1086/340079},
  Date-added               = {2007-06-30 17:41:28 -0700},
  Date-modified            = {2007-06-30 17:41:35 -0700},
  Doi                      = {10.1086/340079},
  Eprint                   = {astro-ph/0202165},
  Keywords                 = {QAL},
  Owner                    = {xavier},
  Timestamp                = {2017.09.09}
}

@Article{sgp+96,
  Title                    = {{Spectroscopic Confirmation of a Population of Normal Star-forming Galaxies at Redshifts $z >3$}},
  Author                   = {{Steidel}, C.~C. and {Giavalisco}, M. and {Pettini}, M. and {Dickinson}, M. and {Adelberger}, K.~L.},
  Journal                  = {\apjl},
  Year                     = {1996},

  Month                    = may,
  Pages                    = {L17+},
  Volume                   = {462},

  Adsnote                  = {Provided by the SAO/NASA Astrophysics Data System},
  Adsurl                   = {http://adsabs.harvard.edu/abs/1996ApJ...462L..17S},
  Bdsk-url-1               = {http://dx.doi.org/10.1086/310029},
  Date-added               = {2010-07-14 18:14:29 -0700},
  Date-modified            = {2010-07-14 18:14:33 -0700},
  Doi                      = {10.1086/310029},
  Eprint                   = {arXiv:astro-ph/9602024},
  Keywords                 = {COSMOLOGY: OBSERVATIONS, GALAXIES: FORMATION, GALAXIES: EVOLUTION, GALAXIES: DISTANCES AND REDSHIFTS},
  Owner                    = {xavier},
  Timestamp                = {2017.09.04}
}

@Article{sim96,
  Title                    = {{APM $z>4$ survey: distribution and evolution of high column density HI absorbers}},
  Author                   = {{Storrie-Lombardi}, L.~J. and {Irwin}, M.~J. and {McMahon}, R.~G.},
  Journal                  = {\mnras},
  Year                     = {1996},

  Month                    = oct,
  Pages                    = {1330-1342},
  Volume                   = {282},

  Adsnote                  = {Provided by the SAO/NASA Astrophysics Data System},
  Adsurl                   = {http://adsabs.harvard.edu/abs/1996MNRAS.282.1330S},
  Date-added               = {2009-09-14 09:47:57 -0700},
  Date-modified            = {2009-09-14 09:48:01 -0700},
  Eprint                   = {arXiv:astro-ph/9608146},
  Keywords                 = {GALAXIES: EVOLUTION, GALAXIES: FORMATION, QUASARS: ABSORPTION LINES, QUASARS: INDIVIDUAL: BR 1033-0327, BRI 1108-0747, BR 1202-0725, COSMOLOGY: MISCELLANEOUS},
  Owner                    = {xavier},
  Timestamp                = {2017.09.04}
}

@Article{suzuki06,
  Title                    = {{Quasar Spectrum Classification with Principal Component Analysis (PCA): Emission Lines in the Ly{$\alpha$} Forest}},
  Author                   = {{Suzuki}, N.},
  Journal                  = {\apjs},
  Year                     = {2006},

  Month                    = mar,
  Pages                    = {110-121},
  Volume                   = {163},

  Adsnote                  = {Provided by the Smithsonian/NASA Astrophysics Data System},
  Adsurl                   = {http://adsabs.harvard.edu/cgi-bin/nph-bib_query?bibcode=2006ApJS..163..110S&db_key=AST},
  Bdsk-url-1               = {http://dx.doi.org/10.1086/499272},
  Bdsk-url-2               = {http://dx.doi.org/10.1086/499272},
  Bdsk-url-3               = {http://dx.doi.org/10.1086/499272},
  Date-added               = {2007-06-30 17:40:38 -0700},
  Date-modified            = {2007-06-30 17:40:41 -0700},
  Doi                      = {10.1086/499272},
  Keywords                 = {OVI},
  Owner                    = {xavier},
  Timestamp                = {2017.09.04}
}

@Article{telfer02,
  Title                    = {{The Rest-Frame Extreme-Ultraviolet Spectral Properties of Quasi-stellar Objects}},
  Author                   = {{Telfer}, R.~C. and {Zheng}, W. and {Kriss}, G.~A. and {Davidsen}, A.~F.},
  Journal                  = {\apj},
  Year                     = {2002},

  Month                    = feb,
  Pages                    = {773-785},
  Volume                   = {565},

  Adsnote                  = {Provided by the Smithsonian/NASA Astrophysics Data System},
  Adsurl                   = {http://adsabs.harvard.edu/cgi-bin/nph-bib_query?bibcode=2002ApJ...565..773T&db_key=AST},
  Bdsk-url-1               = {http://dx.doi.org/10.1086/324689},
  Bdsk-url-2               = {http://dx.doi.org/10.1086/324689},
  Bdsk-url-3               = {http://dx.doi.org/10.1086/324689},
  Date-added               = {2007-06-30 17:42:14 -0700},
  Date-modified            = {2007-06-30 17:42:16 -0700},
  Doi                      = {10.1086/324689},
  Eprint                   = {astro-ph/0109531},
  Keywords                 = {QSO},
  Owner                    = {xavier},
  Timestamp                = {2017.09.04}
}

@Article{tytler87,
  Title                    = {{The distribution of QSO absorption system column densities - Evidence for a single population}},
  Author                   = {{Tytler}, D.},
  Journal                  = {\apj},
  Year                     = {1987},

  Month                    = oct,
  Pages                    = {49-68},
  Volume                   = {321},

  Adsnote                  = {Provided by the SAO/NASA Astrophysics Data System},
  Adsurl                   = {http://adsabs.harvard.edu/abs/1987ApJ...321...49T},
  Doi                      = {10.1086/165615},
  Keywords                 = {Absorption Spectra, H I Regions, Intergalactic Media, Line Spectra, Quasars, Spectral Energy Distribution, Astronomical Models, Distribution Functions, Lyman Alpha Radiation, Metallicity},
  Owner                    = {xavier},
  Timestamp                = {2017.09.04}
}

@Article{tytler82,
  Title                    = {{QSO Lyman limit absorption}},
  Author                   = {{Tytler}, D.},
  Journal                  = {\nat},
  Year                     = {1982},

  Month                    = jul,
  Pages                    = {427-432},
  Volume                   = {298},

  Adsnote                  = {Provided by the SAO/NASA Astrophysics Data System},
  Adsurl                   = {http://adsabs.harvard.edu/abs/1982Natur.298..427T},
  Bdsk-url-1               = {http://dx.doi.org/10.1038/298427a0},
  Date-added               = {2009-10-23 18:34:51 -0700},
  Date-modified            = {2009-10-23 18:34:54 -0700},
  Doi                      = {10.1038/298427a0},
  Keywords                 = {ABSORPTION SPECTRA, LYMAN SPECTRA, QUASARS, RED SHIFT, COSMOLOGY, GALACTIC EVOLUTION, OPTICAL THICKNESS, SPECTRAL LINE WIDTH, STATISTICAL ANALYSIS, VELOCITY DISTRIBUTION},
  Owner                    = {xavier},
  Timestamp                = {2017.09.04}
}

@Article{freeke12,
  Title                    = {{Properties of gas in and around galaxy haloes}},
  Author                   = {{van de Voort}, F. and {Schaye}, J.},
  Journal                  = {\mnras},
  Year                     = {2012},

  Month                    = jul,
  Pages                    = {2991-3010},
  Volume                   = {423},

  Adsnote                  = {Provided by the SAO/NASA Astrophysics Data System},
  Adsurl                   = {http://adsabs.harvard.edu/abs/2012MNRAS.423.2991V},
  Archiveprefix            = {arXiv},
  Bdsk-url-1               = {http://dx.doi.org/10.1111/j.1365-2966.2012.20949.x},
  Date-added               = {2012-09-11 11:08:46 -0700},
  Date-modified            = {2012-09-11 11:08:51 -0700},
  Doi                      = {10.1111/j.1365-2966.2012.20949.x},
  Eprint                   = {1111.5039},
  Keywords                 = {galaxies: evolution, galaxies: formation, galaxies: haloes, intergalactic medium, cosmology: theory},
  Owner                    = {xavier},
  Primaryclass             = {astro-ph.CO},
  Timestamp                = {2017.09.04}
}

@Article{vanden01,
  Title                    = {{Composite Quasar Spectra from the Sloan Digital Sky Survey}},
  Author                   = {{Vanden Berk}, D.~E. and {Richards}, G.~T. and {Bauer}, A. and {Strauss}, M.~A. and {Schneider}, D.~P. and {Heckman}, T.~M. and {York}, D.~G. and {Hall}, P.~B. and {Fan}, X. and {Knapp}, G.~R. and {Anderson}, S.~F. and {Annis}, J. and {Bahcall}, N.~A. and {Bernardi}, M. and {Briggs}, J.~W. and {Brinkmann}, J. and {Brunner}, R. and {Burles}, S. and {Carey}, L. and {Castander}, F.~J. and {Connolly}, A.~J. and {Crocker}, J.~H. and {Csabai}, I. and {Doi}, M. and {Finkbeiner}, D. and {Friedman}, S. and {Frieman}, J.~A. and {Fukugita}, M. and {Gunn}, J.~E. and {Hennessy}, G.~S. and {Ivezi{\'c}}, {\v Z}. and {Kent}, S. and {Kunszt}, P.~Z. and {Lamb}, D.~Q. and {Leger}, R.~F. and {Long}, D.~C. and {Loveday}, J. and {Lupton}, R.~H. and {Meiksin}, A. and {Merelli}, A. and {Munn}, J.~A. and {Newberg}, H.~J. and {Newcomb}, M. and {Nichol}, R.~C. and {Owen}, R. and {Pier}, J.~R. and {Pope}, A. and {Rockosi}, C.~M. and {Schlegel}, D.~J. and {Siegmund}, W.~A. and {Smee}, S. and {Snir}, Y. and {Stoughton}, C. and {Stubbs}, C. and {SubbaRao}, M. and {Szalay}, A.~S. and {Szokoly}, G.~P. and {Tremonti}, C. and {Uomoto}, A. and {Waddell}, P. and {Yanny}, B. and {Zheng}, W.},
  Journal                  = {\aj},
  Year                     = {2001},

  Month                    = aug,
  Pages                    = {549-564},
  Volume                   = {122},

  Adsnote                  = {Provided by the Smithsonian/NASA Astrophysics Data System},
  Adsurl                   = {http://adsabs.harvard.edu/cgi-bin/nph-bib_query?bibcode=2001AJ....122..549V&db_key=AST},
  Bdsk-url-1               = {http://dx.doi.org/10.1086/321167},
  Bdsk-url-2               = {http://dx.doi.org/10.1086/321167},
  Bdsk-url-3               = {http://dx.doi.org/10.1086/321167},
  Date-added               = {2007-06-30 17:42:14 -0700},
  Date-modified            = {2007-06-30 17:42:15 -0700},
  Doi                      = {10.1086/321167},
  Keywords                 = {QSO},
  Owner                    = {xavier},
  Timestamp                = {2017.09.04}
}

@InProceedings{vogt94,
  Title                    = {{HIRES: the high-resolution echelle spectrometer on the Keck 10-m Telescope}},
  Author                   = {{Vogt}, S.~S. and {Allen}, S.~L. and {Bigelow}, B.~C. and {Bresee}, L. and {Brown}, B. and {Cantrall}, T. and {Conrad}, A. and {Couture}, M. and {Delaney}, C. and {Epps}, H.~W. and {Hilyard}, D. and {Hilyard}, D.~F. and {Horn}, E. and {Jern}, N. and {Kanto}, D. and {Keane}, M.~J. and {Kibrick}, R.~I. and {Lewis}, J.~W. and {Osborne}, J. and {Pardeilhan}, G.~H. and {Pfister}, T. and {Ricketts}, T. and {Robinson}, L.~B. and {Stover}, R.~J. and {Tucker}, D. and {Ward}, J. and {Wei}, M.~Z.},
  Booktitle                = {Proc. SPIE Instrumentation in Astronomy VIII, David L. Crawford; Eric R. Craine; Eds., Volume 2198, p. 362},
  Year                     = {1994},
  Month                    = jun,
  Pages                    = {362-+},

  Adsnote                  = {Provided by the Smithsonian/NASA Astrophysics Data System},
  Adsurl                   = {http://adsabs.harvard.edu/cgi-bin/nph-bib_query?bibcode=1994SPIE.2198..362V&db_key=AST},
  Date-added               = {2007-06-30 17:39:02 -0700},
  Date-modified            = {2007-06-30 17:39:03 -0700},
  Keywords                 = {instruments},
  Owner                    = {xavier},
  Timestamp                = {2017.09.04}
}

@Article{wgp05,
  Title                    = {{DAMPED LYA SYSTEMS}},
  Author                   = {{Wolfe}, A.~M. and {Gawiser}, E. and {Prochaska}, J.~X.},
  Journal                  = {\araa},
  Year                     = {2005},

  Month                    = sep,
  Pages                    = {861-918},
  Volume                   = {43},

  Adsnote                  = {Provided by the Smithsonian/NASA Astrophysics Data System},
  Adsurl                   = {http://adsabs.harvard.edu/cgi-bin/nph-bib_query?bibcode=2005ARA%26A..43..861W&db_key=AST},
  Date-added               = {2007-06-30 17:41:28 -0700},
  Date-modified            = {2013-07-26 22:33:51 +0000},
  Keywords                 = {QAL},
  Owner                    = {xavier},
  Timestamp                = {2017.09.04}
}

@Article{wlf+95,
  Title                    = {{The Large Bright QSO Survey for Damped LY alpha Absorption Systems}},
  Author                   = {{Wolfe}, A.~M. and {Lanzetta}, K.~M. and {Foltz}, C.~B. and {Chaffee}, F.~H.},
  Journal                  = {\apj},
  Year                     = {1995},

  Month                    = dec,
  Pages                    = {698-+},
  Volume                   = {454},

  Adsnote                  = {Provided by the Smithsonian/NASA Astrophysics Data System},
  Adsurl                   = {http://adsabs.harvard.edu/cgi-bin/nph-bib_query?bibcode=1995ApJ...454..698W&db_key=AST},
  Bdsk-url-1               = {http://dx.doi.org/10.1086/176523},
  Bdsk-url-2               = {http://dx.doi.org/10.1086/176523},
  Bdsk-url-3               = {http://dx.doi.org/10.1086/176523},
  Date-added               = {2007-06-30 17:41:28 -0700},
  Date-modified            = {2007-06-30 17:41:37 -0700},
  Doi                      = {10.1086/176523},
  Keywords                 = {QAL},
  Owner                    = {xavier},
  Timestamp                = {2017.09.04}
}

@Article{wolfe86,
  Title                    = {{Damped Lyman-alpha absorption by disk galaxies with large redshifts. I - The Lick survey}},
  Author                   = {{Wolfe}, A.~M. and {Turnshek}, D.~A. and {Smith}, H.~E. and {Cohen}, R.~D.},
  Journal                  = {\apjs},
  Year                     = {1986},

  Month                    = jun,
  Pages                    = {249-304},
  Volume                   = {61},

  Adsnote                  = {Provided by the Smithsonian/NASA Astrophysics Data System},
  Adsurl                   = {http://adsabs.harvard.edu/cgi-bin/nph-bib_query?bibcode=1986ApJS...61..249W&db_key=AST},
  Bdsk-url-1               = {http://dx.doi.org/10.1086/191114},
  Bdsk-url-2               = {http://dx.doi.org/10.1086/191114},
  Bdsk-url-3               = {http://dx.doi.org/10.1086/191114},
  Date-added               = {2007-06-30 17:41:28 -0700},
  Date-modified            = {2007-06-30 17:41:37 -0700},
  Doi                      = {10.1086/191114},
  Keywords                 = {QAL},
  Owner                    = {xavier},
  Timestamp                = {2017.09.04}
}

@Article{worseck+14,
  Title                    = {{The Giant Gemini GMOS survey of z$_{em}$ {$>$} 4.4 quasars - I. Measuring the mean free path across cosmic time}},
  Author                   = {{Worseck}, G. and {Prochaska}, J.~X. and {O'Meara}, J.~M. and {Becker}, G.~D. and {Ellison}, S.~L. and {Lopez}, S. and {Meiksin}, A. and {M{\'e}nard}, B. and {Murphy}, M.~T. and {Fumagalli}, M.},
  Journal                  = {\mnras},
  Year                     = {2014},

  Month                    = dec,
  Pages                    = {1745-1760},
  Volume                   = {445},

  Adsnote                  = {Provided by the SAO/NASA Astrophysics Data System},
  Adsurl                   = {http://adsabs.harvard.edu/abs/2014MNRAS.445.1745W},
  Archiveprefix            = {arXiv},
  Bdsk-url-1               = {http://dx.doi.org/10.1093/mnras/stu1827},
  Date-added               = {2014-11-22 21:36:35 +0000},
  Date-modified            = {2014-11-22 21:41:41 +0000},
  Doi                      = {10.1093/mnras/stu1827},
  Eprint                   = {1402.4154},
  Keywords                 = {galaxies: formation, intergalactic medium, quasars: absorption lines, dark ages, reionization, first stars, diffuse radiation},
  Owner                    = {xavier},
  Primaryclass             = {astro-ph.CO},
  Timestamp                = {2017.09.04}
}

@Article{young79,
  Title                    = {{A high-resolution study of the absorption spectrum of PKS 2126-158}},
  Author                   = {{Young}, P.~J. and {Sargent}, W.~L.~W. and {Boksenberg}, A. and {Carswell}, R.~F. and {Whelan}, J.~A.~J.},
  Journal                  = {\apj},
  Year                     = {1979},

  Month                    = may,
  Pages                    = {891-908},
  Volume                   = {229},

  Adsnote                  = {Provided by the SAO/NASA Astrophysics Data System},
  Adsurl                   = {http://adsabs.harvard.edu/abs/1979ApJ...229..891Y},
  Doi                      = {10.1086/157024},
  Keywords                 = {Absorption Spectra, High Resolution, Line Spectra, Quasars, Cross Correlation, Fine Structure, Lyman Alpha Radiation, Spectral Resolution},
  Owner                    = {xavier},
  Timestamp                = {2017.09.04}
}

@Article{zheng02,
  Title                    = {{Self-shielding Effects on the Column Density Distribution of Damped Ly{$\alpha$} Systems}},
  Author                   = {{Zheng}, Z. and {Miralda-Escud{\'e}}, J.},
  Journal                  = {\apjl},
  Year                     = {2002},

  Month                    = apr,
  Pages                    = {L71-L74},
  Volume                   = {568},

  Adsnote                  = {Provided by the Smithsonian/NASA Astrophysics Data System},
  Adsurl                   = {http://adsabs.harvard.edu/cgi-bin/nph-bib_query?bibcode=2002ApJ...568L..71Z&db_key=AST},
  Bdsk-url-1               = {http://dx.doi.org/10.1086/340330},
  Bdsk-url-2               = {http://dx.doi.org/10.1086/340330},
  Bdsk-url-3               = {http://dx.doi.org/10.1086/340330},
  Date-added               = {2007-06-30 17:41:28 -0700},
  Date-modified            = {2007-06-30 17:41:38 -0700},
  Doi                      = {10.1086/340330},
  Eprint                   = {astro-ph/0201275},
  Keywords                 = {QAL},
  Owner                    = {xavier},
  Timestamp                = {2017.09.04}
}

@Article{zvb+05,
  Title                    = {{Reconciling the local galaxy population with damped Lyman {$\alpha$} cross-sections and metal abundances}},
  Author                   = {{Zwaan}, M.~A. and {van der Hulst}, J.~M. and {Briggs}, F.~H. and {Verheijen}, M.~A.~W. and {Ryan-Weber}, E.~V.},
  Journal                  = {\mnras},
  Year                     = {2005},

  Month                    = dec,
  Pages                    = {1467-1487},
  Volume                   = {364},

  Adsnote                  = {Provided by the SAO/NASA Astrophysics Data System},
  Adsurl                   = {http://adsabs.harvard.edu/abs/2005MNRAS.364.1467Z},
  Bdsk-url-1               = {http://dx.doi.org/10.1111/j.1365-2966.2005.09698.x},
  Bdsk-url-2               = {http://dx.doi.org/10.1111/j.1365-2966.2005.09698.x},
  Bdsk-url-3               = {http://dx.doi.org/10.1111/j.1365-2966.2005.09698.x},
  Date-added               = {2008-04-10 11:42:00 -0700},
  Date-modified            = {2008-04-10 11:42:09 -0700},
  Doi                      = {10.1111/j.1365-2966.2005.09698.x},
  Eprint                   = {arXiv:astro-ph/0510127},
  Keywords                 = {21cm},
  Owner                    = {xavier},
  Timestamp                = {2017.09.04}
}

